%YAML 1.1
%TAG !u! tag:unity3d.com,2011:
--- !u!1001 &100100000
Prefab:
  m_ObjectHideFlags: 1
  serializedVersion: 2
  m_Modification:
    m_TransformParent: {fileID: 0}
    m_Modifications: []
    m_RemovedComponents: []
  m_ParentPrefab: {fileID: 0}
  m_RootGameObject: {fileID: 1265203017216470}
  m_IsPrefabParent: 1
--- !u!1 &1002753996151186
GameObject:
  m_ObjectHideFlags: 1
  m_PrefabParentObject: {fileID: 0}
  m_PrefabInternal: {fileID: 100100000}
  serializedVersion: 5
  m_Component:
  - component: {fileID: 4367945537842066}
  m_Layer: 0
  m_Name: B_R_Finger1
  m_TagString: Untagged
  m_Icon: {fileID: 0}
  m_NavMeshLayer: 0
  m_StaticEditorFlags: 0
  m_IsActive: 1
--- !u!1 &1014613796956490
GameObject:
  m_ObjectHideFlags: 1
  m_PrefabParentObject: {fileID: 0}
  m_PrefabInternal: {fileID: 100100000}
  serializedVersion: 5
  m_Component:
  - component: {fileID: 4258567847136318}
  m_Layer: 0
  m_Name: B_R_Finger3
  m_TagString: Untagged
  m_Icon: {fileID: 0}
  m_NavMeshLayer: 0
  m_StaticEditorFlags: 0
  m_IsActive: 1
--- !u!1 &1029851464507768
GameObject:
  m_ObjectHideFlags: 1
  m_PrefabParentObject: {fileID: 0}
  m_PrefabInternal: {fileID: 100100000}
  serializedVersion: 5
  m_Component:
  - component: {fileID: 4892669017717012}
  m_Layer: 0
  m_Name: B_R_Clavicle
  m_TagString: Untagged
  m_Icon: {fileID: 0}
  m_NavMeshLayer: 0
  m_StaticEditorFlags: 0
  m_IsActive: 1
--- !u!1 &1057172516716840
GameObject:
  m_ObjectHideFlags: 1
  m_PrefabParentObject: {fileID: 0}
  m_PrefabInternal: {fileID: 100100000}
  serializedVersion: 5
  m_Component:
  - component: {fileID: 4938208062440578}
  m_Layer: 0
  m_Name: B_L_Finger12
  m_TagString: Untagged
  m_Icon: {fileID: 0}
  m_NavMeshLayer: 0
  m_StaticEditorFlags: 0
  m_IsActive: 1
--- !u!1 &1070120869681078
GameObject:
  m_ObjectHideFlags: 1
  m_PrefabParentObject: {fileID: 0}
  m_PrefabInternal: {fileID: 100100000}
  serializedVersion: 5
  m_Component:
  - component: {fileID: 224617646884494478}
  - component: {fileID: 225927761229193160}
  - component: {fileID: 95791778372043742}
  - component: {fileID: 114084128588106398}
  m_Layer: 5
  m_Name: CommandMenu
  m_TagString: Untagged
  m_Icon: {fileID: 0}
  m_NavMeshLayer: 0
  m_StaticEditorFlags: 0
  m_IsActive: 1
--- !u!1 &1087902528619478
GameObject:
  m_ObjectHideFlags: 1
  m_PrefabParentObject: {fileID: 0}
  m_PrefabInternal: {fileID: 100100000}
  serializedVersion: 5
  m_Component:
  - component: {fileID: 4152869592915524}
  m_Layer: 0
  m_Name: Motion
  m_TagString: Untagged
  m_Icon: {fileID: 0}
  m_NavMeshLayer: 0
  m_StaticEditorFlags: 0
  m_IsActive: 1
--- !u!1 &1113974760928648
GameObject:
  m_ObjectHideFlags: 1
  m_PrefabParentObject: {fileID: 0}
  m_PrefabInternal: {fileID: 100100000}
  serializedVersion: 5
  m_Component:
  - component: {fileID: 224137089229765710}
  - component: {fileID: 114129480008676002}
  m_Layer: 5
  m_Name: Contents
  m_TagString: Untagged
  m_Icon: {fileID: 0}
  m_NavMeshLayer: 0
  m_StaticEditorFlags: 0
  m_IsActive: 1
--- !u!1 &1141309859172644
GameObject:
  m_ObjectHideFlags: 1
  m_PrefabParentObject: {fileID: 0}
  m_PrefabInternal: {fileID: 100100000}
  serializedVersion: 5
  m_Component:
  - component: {fileID: 4363040022843738}
  m_Layer: 0
  m_Name: B_R_Thigh
  m_TagString: Untagged
  m_Icon: {fileID: 0}
  m_NavMeshLayer: 0
  m_StaticEditorFlags: 0
  m_IsActive: 1
--- !u!1 &1162308589882456
GameObject:
  m_ObjectHideFlags: 1
  m_PrefabParentObject: {fileID: 0}
  m_PrefabInternal: {fileID: 100100000}
  serializedVersion: 5
  m_Component:
  - component: {fileID: 4435158364051794}
  m_Layer: 0
  m_Name: B_L_Forearm
  m_TagString: Untagged
  m_Icon: {fileID: 0}
  m_NavMeshLayer: 0
  m_StaticEditorFlags: 0
  m_IsActive: 1
--- !u!1 &1164184275897694
GameObject:
  m_ObjectHideFlags: 1
  m_PrefabParentObject: {fileID: 0}
  m_PrefabInternal: {fileID: 100100000}
  serializedVersion: 5
  m_Component:
  - component: {fileID: 4365406549712672}
  m_Layer: 0
  m_Name: B_L_Foot
  m_TagString: Untagged
  m_Icon: {fileID: 0}
  m_NavMeshLayer: 0
  m_StaticEditorFlags: 0
  m_IsActive: 1
--- !u!1 &1167040140870784
GameObject:
  m_ObjectHideFlags: 1
  m_PrefabParentObject: {fileID: 0}
  m_PrefabInternal: {fileID: 100100000}
  serializedVersion: 5
  m_Component:
  - component: {fileID: 4058554921496152}
  m_Layer: 0
  m_Name: B_R_Finger2
  m_TagString: Untagged
  m_Icon: {fileID: 0}
  m_NavMeshLayer: 0
  m_StaticEditorFlags: 0
  m_IsActive: 1
--- !u!1 &1180473635954772
GameObject:
  m_ObjectHideFlags: 1
  m_PrefabParentObject: {fileID: 0}
  m_PrefabInternal: {fileID: 100100000}
  serializedVersion: 5
  m_Component:
  - component: {fileID: 4073750627308794}
  m_Layer: 0
  m_Name: B_L_Clavicle
  m_TagString: Untagged
  m_Icon: {fileID: 0}
  m_NavMeshLayer: 0
  m_StaticEditorFlags: 0
  m_IsActive: 1
--- !u!1 &1202434673007282
GameObject:
  m_ObjectHideFlags: 0
  m_PrefabParentObject: {fileID: 0}
  m_PrefabInternal: {fileID: 100100000}
  serializedVersion: 5
  m_Component:
  - component: {fileID: 224093828544126072}
  - component: {fileID: 223649135572988208}
  - component: {fileID: 114146425693801896}
  m_Layer: 5
  m_Name: Menu Manager
  m_TagString: Untagged
  m_Icon: {fileID: 0}
  m_NavMeshLayer: 0
  m_StaticEditorFlags: 0
  m_IsActive: 1
--- !u!1 &1225741770187188
GameObject:
  m_ObjectHideFlags: 1
  m_PrefabParentObject: {fileID: 0}
  m_PrefabInternal: {fileID: 100100000}
  serializedVersion: 5
  m_Component:
  - component: {fileID: 4129863500316964}
  m_Layer: 0
  m_Name: B_L_Finger01
  m_TagString: Untagged
  m_Icon: {fileID: 0}
  m_NavMeshLayer: 0
  m_StaticEditorFlags: 0
  m_IsActive: 1
--- !u!1 &1232598484301224
GameObject:
  m_ObjectHideFlags: 1
  m_PrefabParentObject: {fileID: 0}
  m_PrefabInternal: {fileID: 100100000}
  serializedVersion: 5
  m_Component:
  - component: {fileID: 4446147425675488}
  m_Layer: 0
  m_Name: B_L_Finger32
  m_TagString: Untagged
  m_Icon: {fileID: 0}
  m_NavMeshLayer: 0
  m_StaticEditorFlags: 0
  m_IsActive: 1
--- !u!1 &1242428980940668
GameObject:
  m_ObjectHideFlags: 0
  m_PrefabParentObject: {fileID: 0}
  m_PrefabInternal: {fileID: 100100000}
  serializedVersion: 5
  m_Component:
  - component: {fileID: 4250077014169124}
  - component: {fileID: 95288758291273198}
  - component: {fileID: 54721527671201206}
  - component: {fileID: 136278571234722958}
  m_Layer: 0
  m_Name: Controller
  m_TagString: Untagged
  m_Icon: {fileID: 0}
  m_NavMeshLayer: 0
  m_StaticEditorFlags: 0
  m_IsActive: 1
--- !u!1 &1248012027639060
GameObject:
  m_ObjectHideFlags: 1
  m_PrefabParentObject: {fileID: 0}
  m_PrefabInternal: {fileID: 100100000}
  serializedVersion: 5
  m_Component:
  - component: {fileID: 4897567114007204}
  m_Layer: 0
  m_Name: B_R_Finger21
  m_TagString: Untagged
  m_Icon: {fileID: 0}
  m_NavMeshLayer: 0
  m_StaticEditorFlags: 0
  m_IsActive: 1
--- !u!1 &1249269751433664
GameObject:
  m_ObjectHideFlags: 1
  m_PrefabParentObject: {fileID: 0}
  m_PrefabInternal: {fileID: 100100000}
  serializedVersion: 5
  m_Component:
  - component: {fileID: 4590585036750588}
  m_Layer: 0
  m_Name: B_Pelvis
  m_TagString: Untagged
  m_Icon: {fileID: 0}
  m_NavMeshLayer: 0
  m_StaticEditorFlags: 0
  m_IsActive: 1
--- !u!1 &1255136187677994
GameObject:
  m_ObjectHideFlags: 1
  m_PrefabParentObject: {fileID: 0}
  m_PrefabInternal: {fileID: 100100000}
  serializedVersion: 5
  m_Component:
  - component: {fileID: 4528705772982430}
  m_Layer: 0
  m_Name: B_Head
  m_TagString: Untagged
  m_Icon: {fileID: 0}
  m_NavMeshLayer: 0
  m_StaticEditorFlags: 0
  m_IsActive: 1
--- !u!1 &1260841961537980
GameObject:
  m_ObjectHideFlags: 1
  m_PrefabParentObject: {fileID: 0}
  m_PrefabInternal: {fileID: 100100000}
  serializedVersion: 5
  m_Component:
  - component: {fileID: 224151764322636430}
  - component: {fileID: 114657839761732474}
  m_Layer: 5
  m_Name: Contents
  m_TagString: Untagged
  m_Icon: {fileID: 0}
  m_NavMeshLayer: 0
  m_StaticEditorFlags: 0
  m_IsActive: 1
--- !u!1 &1261798779799378
GameObject:
  m_ObjectHideFlags: 1
  m_PrefabParentObject: {fileID: 0}
  m_PrefabInternal: {fileID: 100100000}
  serializedVersion: 5
  m_Component:
  - component: {fileID: 4187477839036750}
  - component: {fileID: 137969399738982656}
  m_Layer: 0
  m_Name: RPG-Character-Mesh
  m_TagString: Untagged
  m_Icon: {fileID: 0}
  m_NavMeshLayer: 0
  m_StaticEditorFlags: 0
  m_IsActive: 1
--- !u!1 &1265203017216470
GameObject:
  m_ObjectHideFlags: 0
  m_PrefabParentObject: {fileID: 0}
  m_PrefabInternal: {fileID: 100100000}
  serializedVersion: 5
  m_Component:
  - component: {fileID: 4902741077079146}
  - component: {fileID: 114679286236528280}
  m_Layer: 0
  m_Name: Player (Battle)
  m_TagString: Untagged
  m_Icon: {fileID: 0}
  m_NavMeshLayer: 0
  m_StaticEditorFlags: 0
  m_IsActive: 1
--- !u!1 &1270604472070366
GameObject:
  m_ObjectHideFlags: 1
  m_PrefabParentObject: {fileID: 0}
  m_PrefabInternal: {fileID: 100100000}
  serializedVersion: 5
  m_Component:
  - component: {fileID: 4504147869911120}
  m_Layer: 0
  m_Name: B_L_Toe0
  m_TagString: Untagged
  m_Icon: {fileID: 0}
  m_NavMeshLayer: 0
  m_StaticEditorFlags: 0
  m_IsActive: 1
--- !u!1 &1278375529437154
GameObject:
  m_ObjectHideFlags: 1
  m_PrefabParentObject: {fileID: 0}
  m_PrefabInternal: {fileID: 100100000}
  serializedVersion: 5
  m_Component:
  - component: {fileID: 4898770038774454}
  m_Layer: 0
  m_Name: B_L_Hand
  m_TagString: Untagged
  m_Icon: {fileID: 0}
  m_NavMeshLayer: 0
  m_StaticEditorFlags: 0
  m_IsActive: 1
--- !u!1 &1283717624372702
GameObject:
  m_ObjectHideFlags: 1
  m_PrefabParentObject: {fileID: 0}
  m_PrefabInternal: {fileID: 100100000}
  serializedVersion: 5
  m_Component:
  - component: {fileID: 4734381314880856}
  m_Layer: 0
  m_Name: B_L_Finger4
  m_TagString: Untagged
  m_Icon: {fileID: 0}
  m_NavMeshLayer: 0
  m_StaticEditorFlags: 0
  m_IsActive: 1
--- !u!1 &1287977770539764
GameObject:
  m_ObjectHideFlags: 1
  m_PrefabParentObject: {fileID: 0}
  m_PrefabInternal: {fileID: 100100000}
  serializedVersion: 5
  m_Component:
  - component: {fileID: 4748369223296886}
  m_Layer: 0
  m_Name: B_Spine1
  m_TagString: Untagged
  m_Icon: {fileID: 0}
  m_NavMeshLayer: 0
  m_StaticEditorFlags: 0
  m_IsActive: 1
--- !u!1 &1308792446598512
GameObject:
  m_ObjectHideFlags: 1
  m_PrefabParentObject: {fileID: 0}
  m_PrefabInternal: {fileID: 100100000}
  serializedVersion: 5
  m_Component:
  - component: {fileID: 4242098098350478}
  m_Layer: 0
  m_Name: B_R_Finger11
  m_TagString: Untagged
  m_Icon: {fileID: 0}
  m_NavMeshLayer: 0
  m_StaticEditorFlags: 0
  m_IsActive: 1
--- !u!1 &1318218670555874
GameObject:
  m_ObjectHideFlags: 1
  m_PrefabParentObject: {fileID: 0}
  m_PrefabInternal: {fileID: 100100000}
  serializedVersion: 5
  m_Component:
  - component: {fileID: 224074382356022192}
  - component: {fileID: 222301528715931052}
  - component: {fileID: 114871870568823454}
  - component: {fileID: 114882585067812752}
  m_Layer: 5
  m_Name: Title
  m_TagString: Untagged
  m_Icon: {fileID: 0}
  m_NavMeshLayer: 0
  m_StaticEditorFlags: 0
  m_IsActive: 1
--- !u!1 &1319898948902842
GameObject:
  m_ObjectHideFlags: 1
  m_PrefabParentObject: {fileID: 0}
  m_PrefabInternal: {fileID: 100100000}
  serializedVersion: 5
  m_Component:
  - component: {fileID: 4395084089169902}
  m_Layer: 0
  m_Name: B_R_Hand
  m_TagString: Untagged
  m_Icon: {fileID: 0}
  m_NavMeshLayer: 0
  m_StaticEditorFlags: 0
  m_IsActive: 1
--- !u!1 &1380603923070400
GameObject:
  m_ObjectHideFlags: 1
  m_PrefabParentObject: {fileID: 0}
  m_PrefabInternal: {fileID: 100100000}
  serializedVersion: 5
  m_Component:
  - component: {fileID: 4966620853340126}
  m_Layer: 0
  m_Name: B_L_Finger21
  m_TagString: Untagged
  m_Icon: {fileID: 0}
  m_NavMeshLayer: 0
  m_StaticEditorFlags: 0
  m_IsActive: 1
--- !u!1 &1386898316739360
GameObject:
  m_ObjectHideFlags: 1
  m_PrefabParentObject: {fileID: 0}
  m_PrefabInternal: {fileID: 100100000}
  serializedVersion: 5
  m_Component:
  - component: {fileID: 4476693806141896}
  m_Layer: 0
  m_Name: B_L_Calf
  m_TagString: Untagged
  m_Icon: {fileID: 0}
  m_NavMeshLayer: 0
  m_StaticEditorFlags: 0
  m_IsActive: 1
--- !u!1 &1406762155520274
GameObject:
  m_ObjectHideFlags: 1
  m_PrefabParentObject: {fileID: 0}
  m_PrefabInternal: {fileID: 100100000}
  serializedVersion: 5
  m_Component:
  - component: {fileID: 224829610696113454}
  - component: {fileID: 225332061377393134}
  - component: {fileID: 95759642633815500}
  - component: {fileID: 114631057570288928}
  m_Layer: 5
  m_Name: TargetMenu
  m_TagString: Untagged
  m_Icon: {fileID: 0}
  m_NavMeshLayer: 0
  m_StaticEditorFlags: 0
  m_IsActive: 1
--- !u!1 &1407193091121844
GameObject:
  m_ObjectHideFlags: 1
  m_PrefabParentObject: {fileID: 0}
  m_PrefabInternal: {fileID: 100100000}
  serializedVersion: 5
  m_Component:
  - component: {fileID: 4384699538160106}
  m_Layer: 0
  m_Name: B_L_Finger2
  m_TagString: Untagged
  m_Icon: {fileID: 0}
  m_NavMeshLayer: 0
  m_StaticEditorFlags: 0
  m_IsActive: 1
--- !u!1 &1427916744142040
GameObject:
  m_ObjectHideFlags: 1
  m_PrefabParentObject: {fileID: 0}
  m_PrefabInternal: {fileID: 100100000}
  serializedVersion: 5
  m_Component:
  - component: {fileID: 4396163724060126}
  m_Layer: 0
  m_Name: B_L_Finger3
  m_TagString: Untagged
  m_Icon: {fileID: 0}
  m_NavMeshLayer: 0
  m_StaticEditorFlags: 0
  m_IsActive: 1
--- !u!1 &1434213699777988
GameObject:
  m_ObjectHideFlags: 1
  m_PrefabParentObject: {fileID: 0}
  m_PrefabInternal: {fileID: 100100000}
  serializedVersion: 5
  m_Component:
  - component: {fileID: 4854420585760128}
  m_Layer: 0
  m_Name: B_L_Finger41
  m_TagString: Untagged
  m_Icon: {fileID: 0}
  m_NavMeshLayer: 0
  m_StaticEditorFlags: 0
  m_IsActive: 1
--- !u!1 &1435815823700196
GameObject:
  m_ObjectHideFlags: 1
  m_PrefabParentObject: {fileID: 0}
  m_PrefabInternal: {fileID: 100100000}
  serializedVersion: 5
  m_Component:
  - component: {fileID: 224076594969950266}
  - component: {fileID: 222274922170559666}
  - component: {fileID: 114462693163647658}
  - component: {fileID: 114911576972644108}
  m_Layer: 5
  m_Name: Background
  m_TagString: Untagged
  m_Icon: {fileID: 0}
  m_NavMeshLayer: 0
  m_StaticEditorFlags: 0
  m_IsActive: 1
--- !u!1 &1465258744403390
GameObject:
  m_ObjectHideFlags: 1
  m_PrefabParentObject: {fileID: 0}
  m_PrefabInternal: {fileID: 100100000}
  serializedVersion: 5
  m_Component:
  - component: {fileID: 4388919135816058}
  m_Layer: 0
  m_Name: B_L_Finger11
  m_TagString: Untagged
  m_Icon: {fileID: 0}
  m_NavMeshLayer: 0
  m_StaticEditorFlags: 0
  m_IsActive: 1
--- !u!1 &1490858565491914
GameObject:
  m_ObjectHideFlags: 1
  m_PrefabParentObject: {fileID: 0}
  m_PrefabInternal: {fileID: 100100000}
  serializedVersion: 5
  m_Component:
  - component: {fileID: 4878987667997556}
  m_Layer: 0
  m_Name: B_R_Finger31
  m_TagString: Untagged
  m_Icon: {fileID: 0}
  m_NavMeshLayer: 0
  m_StaticEditorFlags: 0
  m_IsActive: 1
--- !u!1 &1518873388187616
GameObject:
  m_ObjectHideFlags: 1
  m_PrefabParentObject: {fileID: 0}
  m_PrefabInternal: {fileID: 100100000}
  serializedVersion: 5
  m_Component:
  - component: {fileID: 4796055850285940}
  m_Layer: 0
  m_Name: B_R_Finger01
  m_TagString: Untagged
  m_Icon: {fileID: 0}
  m_NavMeshLayer: 0
  m_StaticEditorFlags: 0
  m_IsActive: 1
--- !u!1 &1597613056803926
GameObject:
  m_ObjectHideFlags: 1
  m_PrefabParentObject: {fileID: 0}
  m_PrefabInternal: {fileID: 100100000}
  serializedVersion: 5
  m_Component:
  - component: {fileID: 4313049783331288}
  m_Layer: 0
  m_Name: B_Neck
  m_TagString: Untagged
  m_Icon: {fileID: 0}
  m_NavMeshLayer: 0
  m_StaticEditorFlags: 0
  m_IsActive: 1
--- !u!1 &1599577500892624
GameObject:
  m_ObjectHideFlags: 1
  m_PrefabParentObject: {fileID: 0}
  m_PrefabInternal: {fileID: 100100000}
  serializedVersion: 5
  m_Component:
  - component: {fileID: 224825414118004646}
  - component: {fileID: 222964633466153224}
  - component: {fileID: 114740006766477436}
  - component: {fileID: 114920791979594344}
  m_Layer: 5
  m_Name: Title
  m_TagString: Untagged
  m_Icon: {fileID: 0}
  m_NavMeshLayer: 0
  m_StaticEditorFlags: 0
  m_IsActive: 1
--- !u!1 &1622142915981026
GameObject:
  m_ObjectHideFlags: 1
  m_PrefabParentObject: {fileID: 0}
  m_PrefabInternal: {fileID: 100100000}
  serializedVersion: 5
  m_Component:
  - component: {fileID: 4424691730576184}
  m_Layer: 0
  m_Name: B_R_Finger32
  m_TagString: Untagged
  m_Icon: {fileID: 0}
  m_NavMeshLayer: 0
  m_StaticEditorFlags: 0
  m_IsActive: 1
--- !u!1 &1658076116250970
GameObject:
  m_ObjectHideFlags: 1
  m_PrefabParentObject: {fileID: 0}
  m_PrefabInternal: {fileID: 100100000}
  serializedVersion: 5
  m_Component:
  - component: {fileID: 4811626925260516}
  m_Layer: 0
  m_Name: B_Spine
  m_TagString: Untagged
  m_Icon: {fileID: 0}
  m_NavMeshLayer: 0
  m_StaticEditorFlags: 0
  m_IsActive: 1
--- !u!1 &1665788355724010
GameObject:
  m_ObjectHideFlags: 1
  m_PrefabParentObject: {fileID: 0}
  m_PrefabInternal: {fileID: 100100000}
  serializedVersion: 5
  m_Component:
  - component: {fileID: 4871150052224366}
  m_Layer: 0
  m_Name: B_R_Finger0
  m_TagString: Untagged
  m_Icon: {fileID: 0}
  m_NavMeshLayer: 0
  m_StaticEditorFlags: 0
  m_IsActive: 1
--- !u!1 &1684295620799500
GameObject:
  m_ObjectHideFlags: 1
  m_PrefabParentObject: {fileID: 0}
  m_PrefabInternal: {fileID: 100100000}
  serializedVersion: 5
  m_Component:
  - component: {fileID: 224980960191540566}
  - component: {fileID: 225303690723153160}
  - component: {fileID: 95591696512078254}
  - component: {fileID: 114480392175163732}
  m_Layer: 5
  m_Name: ItemMenu
  m_TagString: Untagged
  m_Icon: {fileID: 0}
  m_NavMeshLayer: 0
  m_StaticEditorFlags: 0
  m_IsActive: 1
--- !u!1 &1685891482870616
GameObject:
  m_ObjectHideFlags: 1
  m_PrefabParentObject: {fileID: 0}
  m_PrefabInternal: {fileID: 100100000}
  serializedVersion: 5
  m_Component:
  - component: {fileID: 4014399391873886}
  m_Layer: 0
  m_Name: B_L_Finger42
  m_TagString: Untagged
  m_Icon: {fileID: 0}
  m_NavMeshLayer: 0
  m_StaticEditorFlags: 0
  m_IsActive: 1
--- !u!1 &1688150903560314
GameObject:
  m_ObjectHideFlags: 1
  m_PrefabParentObject: {fileID: 0}
  m_PrefabInternal: {fileID: 100100000}
  serializedVersion: 5
  m_Component:
  - component: {fileID: 4772964135443996}
  m_Layer: 0
  m_Name: B_R_Finger4
  m_TagString: Untagged
  m_Icon: {fileID: 0}
  m_NavMeshLayer: 0
  m_StaticEditorFlags: 0
  m_IsActive: 1
--- !u!1 &1688371780756290
GameObject:
  m_ObjectHideFlags: 1
  m_PrefabParentObject: {fileID: 0}
  m_PrefabInternal: {fileID: 100100000}
  serializedVersion: 5
  m_Component:
  - component: {fileID: 224755658441401708}
  - component: {fileID: 114493293459325698}
  m_Layer: 5
  m_Name: Contents
  m_TagString: Untagged
  m_Icon: {fileID: 0}
  m_NavMeshLayer: 0
  m_StaticEditorFlags: 0
  m_IsActive: 1
--- !u!1 &1703287413342202
GameObject:
  m_ObjectHideFlags: 1
  m_PrefabParentObject: {fileID: 0}
  m_PrefabInternal: {fileID: 100100000}
  serializedVersion: 5
  m_Component:
  - component: {fileID: 4805981453607168}
  m_Layer: 0
  m_Name: B_R_Toe0
  m_TagString: Untagged
  m_Icon: {fileID: 0}
  m_NavMeshLayer: 0
  m_StaticEditorFlags: 0
  m_IsActive: 1
--- !u!1 &1703312682486680
GameObject:
  m_ObjectHideFlags: 1
  m_PrefabParentObject: {fileID: 0}
  m_PrefabInternal: {fileID: 100100000}
  serializedVersion: 5
  m_Component:
  - component: {fileID: 4826356387308306}
  m_Layer: 0
  m_Name: B_L_UpperArm
  m_TagString: Untagged
  m_Icon: {fileID: 0}
  m_NavMeshLayer: 0
  m_StaticEditorFlags: 0
  m_IsActive: 1
--- !u!1 &1711765325029134
GameObject:
  m_ObjectHideFlags: 1
  m_PrefabParentObject: {fileID: 0}
  m_PrefabInternal: {fileID: 100100000}
  serializedVersion: 5
  m_Component:
  - component: {fileID: 4538726796306210}
  m_Layer: 0
  m_Name: B_L_Finger1
  m_TagString: Untagged
  m_Icon: {fileID: 0}
  m_NavMeshLayer: 0
  m_StaticEditorFlags: 0
  m_IsActive: 1
--- !u!1 &1745126976571600
GameObject:
  m_ObjectHideFlags: 1
  m_PrefabParentObject: {fileID: 0}
  m_PrefabInternal: {fileID: 100100000}
  serializedVersion: 5
  m_Component:
  - component: {fileID: 4865472776111766}
  m_Layer: 0
  m_Name: B_Spine2
  m_TagString: Untagged
  m_Icon: {fileID: 0}
  m_NavMeshLayer: 0
  m_StaticEditorFlags: 0
  m_IsActive: 1
--- !u!1 &1752082991523622
GameObject:
  m_ObjectHideFlags: 1
  m_PrefabParentObject: {fileID: 0}
  m_PrefabInternal: {fileID: 100100000}
  serializedVersion: 5
  m_Component:
  - component: {fileID: 4279881274046538}
  m_Layer: 0
  m_Name: B_R_Forearm
  m_TagString: Untagged
  m_Icon: {fileID: 0}
  m_NavMeshLayer: 0
  m_StaticEditorFlags: 0
  m_IsActive: 1
--- !u!1 &1781658933365438
GameObject:
  m_ObjectHideFlags: 1
  m_PrefabParentObject: {fileID: 0}
  m_PrefabInternal: {fileID: 100100000}
  serializedVersion: 5
  m_Component:
  - component: {fileID: 4445787711640682}
  m_Layer: 0
  m_Name: B_L_Finger31
  m_TagString: Untagged
  m_Icon: {fileID: 0}
  m_NavMeshLayer: 0
  m_StaticEditorFlags: 0
  m_IsActive: 1
--- !u!1 &1789225213269874
GameObject:
  m_ObjectHideFlags: 1
  m_PrefabParentObject: {fileID: 0}
  m_PrefabInternal: {fileID: 100100000}
  serializedVersion: 5
  m_Component:
  - component: {fileID: 224263476710661850}
  - component: {fileID: 222479298264785810}
  - component: {fileID: 114030943379023926}
  - component: {fileID: 114859156567103404}
  m_Layer: 5
  m_Name: Title
  m_TagString: Untagged
  m_Icon: {fileID: 0}
  m_NavMeshLayer: 0
  m_StaticEditorFlags: 0
  m_IsActive: 1
--- !u!1 &1791407825905568
GameObject:
  m_ObjectHideFlags: 1
  m_PrefabParentObject: {fileID: 0}
  m_PrefabInternal: {fileID: 100100000}
  serializedVersion: 5
  m_Component:
  - component: {fileID: 4588141400119030}
  m_Layer: 0
  m_Name: B_L_Finger0
  m_TagString: Untagged
  m_Icon: {fileID: 0}
  m_NavMeshLayer: 0
  m_StaticEditorFlags: 0
  m_IsActive: 1
--- !u!1 &1795753687216476
GameObject:
  m_ObjectHideFlags: 1
  m_PrefabParentObject: {fileID: 0}
  m_PrefabInternal: {fileID: 100100000}
  serializedVersion: 5
  m_Component:
  - component: {fileID: 4340278859995574}
  m_Layer: 0
  m_Name: B_L_Finger22
  m_TagString: Untagged
  m_Icon: {fileID: 0}
  m_NavMeshLayer: 0
  m_StaticEditorFlags: 0
  m_IsActive: 1
--- !u!1 &1823560459338600
GameObject:
  m_ObjectHideFlags: 1
  m_PrefabParentObject: {fileID: 0}
  m_PrefabInternal: {fileID: 100100000}
  serializedVersion: 5
  m_Component:
  - component: {fileID: 4376485316365674}
  m_Layer: 0
  m_Name: B_R_Finger22
  m_TagString: Untagged
  m_Icon: {fileID: 0}
  m_NavMeshLayer: 0
  m_StaticEditorFlags: 0
  m_IsActive: 1
--- !u!1 &1847763069370594
GameObject:
  m_ObjectHideFlags: 1
  m_PrefabParentObject: {fileID: 0}
  m_PrefabInternal: {fileID: 100100000}
  serializedVersion: 5
  m_Component:
  - component: {fileID: 4072260802434984}
  m_Layer: 0
  m_Name: B_L_Thigh
  m_TagString: Untagged
  m_Icon: {fileID: 0}
  m_NavMeshLayer: 0
  m_StaticEditorFlags: 0
  m_IsActive: 1
--- !u!1 &1853867631006756
GameObject:
  m_ObjectHideFlags: 1
  m_PrefabParentObject: {fileID: 0}
  m_PrefabInternal: {fileID: 100100000}
  serializedVersion: 5
  m_Component:
  - component: {fileID: 224793540546947148}
  - component: {fileID: 222425558684941562}
  - component: {fileID: 114427028639789406}
  - component: {fileID: 114826925672779160}
  m_Layer: 5
  m_Name: Background
  m_TagString: Untagged
  m_Icon: {fileID: 0}
  m_NavMeshLayer: 0
  m_StaticEditorFlags: 0
  m_IsActive: 1
--- !u!1 &1863844463783682
GameObject:
  m_ObjectHideFlags: 1
  m_PrefabParentObject: {fileID: 0}
  m_PrefabInternal: {fileID: 100100000}
  serializedVersion: 5
  m_Component:
  - component: {fileID: 4042775059638668}
  m_Layer: 0
  m_Name: B_R_Calf
  m_TagString: Untagged
  m_Icon: {fileID: 0}
  m_NavMeshLayer: 0
  m_StaticEditorFlags: 0
  m_IsActive: 1
--- !u!1 &1873568837078798
GameObject:
  m_ObjectHideFlags: 1
  m_PrefabParentObject: {fileID: 0}
  m_PrefabInternal: {fileID: 100100000}
  serializedVersion: 5
  m_Component:
  - component: {fileID: 4824619740983172}
  m_Layer: 0
  m_Name: B_R_UpperArm
  m_TagString: Untagged
  m_Icon: {fileID: 0}
  m_NavMeshLayer: 0
  m_StaticEditorFlags: 0
  m_IsActive: 1
--- !u!1 &1893043428432600
GameObject:
  m_ObjectHideFlags: 1
  m_PrefabParentObject: {fileID: 0}
  m_PrefabInternal: {fileID: 100100000}
  serializedVersion: 5
  m_Component:
  - component: {fileID: 4441018822332326}
  m_Layer: 0
  m_Name: B_R_Foot
  m_TagString: Untagged
  m_Icon: {fileID: 0}
  m_NavMeshLayer: 0
  m_StaticEditorFlags: 0
  m_IsActive: 1
--- !u!1 &1922944656591502
GameObject:
  m_ObjectHideFlags: 1
  m_PrefabParentObject: {fileID: 0}
  m_PrefabInternal: {fileID: 100100000}
  serializedVersion: 5
  m_Component:
  - component: {fileID: 224258663352429142}
  - component: {fileID: 222940512255151292}
  - component: {fileID: 114554029673681522}
  - component: {fileID: 114539854109380078}
  m_Layer: 5
  m_Name: Background
  m_TagString: Untagged
  m_Icon: {fileID: 0}
  m_NavMeshLayer: 0
  m_StaticEditorFlags: 0
  m_IsActive: 1
--- !u!1 &1924852603349800
GameObject:
  m_ObjectHideFlags: 1
  m_PrefabParentObject: {fileID: 0}
  m_PrefabInternal: {fileID: 100100000}
  serializedVersion: 5
  m_Component:
  - component: {fileID: 4104019738935162}
  m_Layer: 0
  m_Name: B_L_Finger02
  m_TagString: Untagged
  m_Icon: {fileID: 0}
  m_NavMeshLayer: 0
  m_StaticEditorFlags: 0
  m_IsActive: 1
--- !u!1 &1925282105283024
GameObject:
  m_ObjectHideFlags: 1
  m_PrefabParentObject: {fileID: 0}
  m_PrefabInternal: {fileID: 100100000}
  serializedVersion: 5
  m_Component:
  - component: {fileID: 4328630393532696}
  m_Layer: 0
  m_Name: B_R_Finger12
  m_TagString: Untagged
  m_Icon: {fileID: 0}
  m_NavMeshLayer: 0
  m_StaticEditorFlags: 0
  m_IsActive: 1
--- !u!1 &1959551187452634
GameObject:
  m_ObjectHideFlags: 1
  m_PrefabParentObject: {fileID: 0}
  m_PrefabInternal: {fileID: 100100000}
  serializedVersion: 5
  m_Component:
  - component: {fileID: 4718156945820070}
  m_Layer: 0
  m_Name: B_R_Finger41
  m_TagString: Untagged
  m_Icon: {fileID: 0}
  m_NavMeshLayer: 0
  m_StaticEditorFlags: 0
  m_IsActive: 1
--- !u!1 &1976711282589930
GameObject:
  m_ObjectHideFlags: 1
  m_PrefabParentObject: {fileID: 0}
  m_PrefabInternal: {fileID: 100100000}
  serializedVersion: 5
  m_Component:
  - component: {fileID: 4894931387939010}
  m_Layer: 0
  m_Name: B_R_Finger42
  m_TagString: Untagged
  m_Icon: {fileID: 0}
  m_NavMeshLayer: 0
  m_StaticEditorFlags: 0
  m_IsActive: 1
--- !u!1 &1986102853632270
GameObject:
  m_ObjectHideFlags: 1
  m_PrefabParentObject: {fileID: 0}
  m_PrefabInternal: {fileID: 100100000}
  serializedVersion: 5
  m_Component:
  - component: {fileID: 4864460823401630}
  m_Layer: 0
  m_Name: B_R_Finger02
  m_TagString: Untagged
  m_Icon: {fileID: 0}
  m_NavMeshLayer: 0
  m_StaticEditorFlags: 0
  m_IsActive: 1
--- !u!4 &4014399391873886
Transform:
  m_ObjectHideFlags: 1
  m_PrefabParentObject: {fileID: 0}
  m_PrefabInternal: {fileID: 100100000}
  m_GameObject: {fileID: 1685891482870616}
  m_LocalRotation: {x: 0.000000010351762, y: 0.00000031385306, z: -0.116401784, w: 0.9932022}
  m_LocalPosition: {x: -0.045323562, y: -0.00000030517577, z: -0.00000020503997}
  m_LocalScale: {x: 0.9999996, y: 0.9999997, z: 0.9999998}
  m_Children: []
  m_Father: {fileID: 4854420585760128}
  m_RootOrder: 0
  m_LocalEulerAnglesHint: {x: 0, y: 0, z: 0}
--- !u!4 &4042775059638668
Transform:
  m_ObjectHideFlags: 1
  m_PrefabParentObject: {fileID: 0}
  m_PrefabInternal: {fileID: 100100000}
  m_GameObject: {fileID: 1863844463783682}
  m_LocalRotation: {x: 0.0000023840284, y: -0.00000007350968, z: 0.049677882, w: 0.9987653}
  m_LocalPosition: {x: -0.59167975, y: -0.0000000023841857, z: 0}
  m_LocalScale: {x: 1.0000002, y: 1.0000002, z: 1}
  m_Children:
  - {fileID: 4441018822332326}
  m_Father: {fileID: 4363040022843738}
  m_RootOrder: 0
  m_LocalEulerAnglesHint: {x: 0, y: 0, z: 0}
--- !u!4 &4058554921496152
Transform:
  m_ObjectHideFlags: 1
  m_PrefabParentObject: {fileID: 0}
  m_PrefabInternal: {fileID: 100100000}
  m_GameObject: {fileID: 1167040140870784}
  m_LocalRotation: {x: 0.00039810687, y: -0.00000005868519, z: -0.000000029778965,
    w: 0.99999994}
  m_LocalPosition: {x: -0.17315139, y: -0.026325379, z: 0.008993587}
  m_LocalScale: {x: 0.9999999, y: 1.0000001, z: 0.99999976}
  m_Children:
  - {fileID: 4897567114007204}
  m_Father: {fileID: 4395084089169902}
  m_RootOrder: 2
  m_LocalEulerAnglesHint: {x: 0, y: 0, z: 0}
--- !u!4 &4072260802434984
Transform:
  m_ObjectHideFlags: 1
  m_PrefabParentObject: {fileID: 0}
  m_PrefabInternal: {fileID: 100100000}
  m_GameObject: {fileID: 1847763069370594}
  m_LocalRotation: {x: 0.0056883693, y: 0.99954396, z: 0.00020678206, w: 0.02965596}
  m_LocalPosition: {x: -0, y: 0.00000021971762, z: 0.1165233}
  m_LocalScale: {x: 0.9999999, y: 1, z: 1}
  m_Children:
  - {fileID: 4476693806141896}
  m_Father: {fileID: 4590585036750588}
  m_RootOrder: 0
  m_LocalEulerAnglesHint: {x: 0, y: 0, z: 0}
--- !u!4 &4073750627308794
Transform:
  m_ObjectHideFlags: 1
  m_PrefabParentObject: {fileID: 0}
  m_PrefabInternal: {fileID: 100100000}
  m_GameObject: {fileID: 1180473635954772}
  m_LocalRotation: {x: -0.67533433, y: -0.020247705, z: 0.7370137, w: 0.018014075}
  m_LocalPosition: {x: -0.12008545, y: -0.014548597, z: 0.053027958}
  m_LocalScale: {x: 1, y: 1, z: 0.99999976}
  m_Children:
  - {fileID: 4826356387308306}
  m_Father: {fileID: 4865472776111766}
  m_RootOrder: 0
  m_LocalEulerAnglesHint: {x: 0, y: 0, z: 0}
--- !u!4 &4104019738935162
Transform:
  m_ObjectHideFlags: 1
  m_PrefabParentObject: {fileID: 0}
  m_PrefabInternal: {fileID: 100100000}
  m_GameObject: {fileID: 1924852603349800}
  m_LocalRotation: {x: -0.000000029570865, y: -2.8511826e-10, z: -0.116402075, w: 0.9932022}
  m_LocalPosition: {x: -0.04867088, y: 0.000000076293944, z: 0.00000022888183}
  m_LocalScale: {x: 1.0000001, y: 1.0000001, z: 1}
  m_Children: []
  m_Father: {fileID: 4129863500316964}
  m_RootOrder: 0
  m_LocalEulerAnglesHint: {x: 0, y: 0, z: 0}
--- !u!4 &4129863500316964
Transform:
  m_ObjectHideFlags: 1
  m_PrefabParentObject: {fileID: 0}
  m_PrefabInternal: {fileID: 100100000}
  m_GameObject: {fileID: 1225741770187188}
  m_LocalRotation: {x: 0.000000015754054, y: 0.000000024409157, z: -0.11640196, w: 0.9932022}
  m_LocalPosition: {x: -0.048670806, y: -0.000000076293944, z: -0.00000022888183}
  m_LocalScale: {x: 1.0000001, y: 0.99999994, z: 0.9999998}
  m_Children:
  - {fileID: 4104019738935162}
  m_Father: {fileID: 4588141400119030}
  m_RootOrder: 0
  m_LocalEulerAnglesHint: {x: 0, y: 0, z: 0}
--- !u!4 &4152869592915524
Transform:
  m_ObjectHideFlags: 1
  m_PrefabParentObject: {fileID: 0}
  m_PrefabInternal: {fileID: 100100000}
  m_GameObject: {fileID: 1087902528619478}
  m_LocalRotation: {x: -0.5, y: 0.5, z: 0.5000001, w: 0.49999994}
  m_LocalPosition: {x: 0, y: 0, z: 0}
  m_LocalScale: {x: 1, y: 1, z: 1}
  m_Children:
  - {fileID: 4590585036750588}
  m_Father: {fileID: 4250077014169124}
  m_RootOrder: 0
  m_LocalEulerAnglesHint: {x: 0, y: 0, z: 0}
--- !u!4 &4187477839036750
Transform:
  m_ObjectHideFlags: 1
  m_PrefabParentObject: {fileID: 0}
  m_PrefabInternal: {fileID: 100100000}
  m_GameObject: {fileID: 1261798779799378}
  m_LocalRotation: {x: 0, y: 0, z: 0, w: 1}
  m_LocalPosition: {x: 0, y: 0, z: 0}
  m_LocalScale: {x: 10, y: 10, z: 10}
  m_Children: []
  m_Father: {fileID: 4250077014169124}
  m_RootOrder: 1
  m_LocalEulerAnglesHint: {x: 0, y: 0, z: 0}
--- !u!4 &4242098098350478
Transform:
  m_ObjectHideFlags: 1
  m_PrefabParentObject: {fileID: 0}
  m_PrefabInternal: {fileID: 100100000}
  m_GameObject: {fileID: 1308792446598512}
  m_LocalRotation: {x: 3.1949163e-10, y: 0.00000013874167, z: -0.11640199, w: 0.9932022}
  m_LocalPosition: {x: -0.05438854, y: 0, z: 0.00000007152557}
  m_LocalScale: {x: 1.0000002, y: 0.9999998, z: 1}
  m_Children:
  - {fileID: 4328630393532696}
  m_Father: {fileID: 4367945537842066}
  m_RootOrder: 0
  m_LocalEulerAnglesHint: {x: 0, y: 0, z: 0}
--- !u!4 &4250077014169124
Transform:
  m_ObjectHideFlags: 1
  m_PrefabParentObject: {fileID: 0}
  m_PrefabInternal: {fileID: 100100000}
  m_GameObject: {fileID: 1242428980940668}
  m_LocalRotation: {x: -0, y: -0, z: -0, w: 1}
  m_LocalPosition: {x: 0, y: 0, z: 0}
  m_LocalScale: {x: 1, y: 1, z: 1}
  m_Children:
  - {fileID: 4152869592915524}
  - {fileID: 4187477839036750}
  m_Father: {fileID: 4902741077079146}
  m_RootOrder: 0
  m_LocalEulerAnglesHint: {x: 0, y: 0, z: 0}
--- !u!4 &4258567847136318
Transform:
  m_ObjectHideFlags: 1
  m_PrefabParentObject: {fileID: 0}
  m_PrefabInternal: {fileID: 100100000}
  m_GameObject: {fileID: 1014613796956490}
  m_LocalRotation: {x: 0.00039812824, y: 0.000000011181805, z: 0.000000014896713,
    w: 0.99999994}
  m_LocalPosition: {x: -0.17315155, y: -0.02629318, z: -0.031446166}
  m_LocalScale: {x: 0.9999998, y: 1.0000002, z: 1}
  m_Children:
  - {fileID: 4878987667997556}
  m_Father: {fileID: 4395084089169902}
  m_RootOrder: 3
  m_LocalEulerAnglesHint: {x: 0, y: 0, z: 0}
--- !u!4 &4279881274046538
Transform:
  m_ObjectHideFlags: 1
  m_PrefabParentObject: {fileID: 0}
  m_PrefabInternal: {fileID: 100100000}
  m_GameObject: {fileID: 1752082991523622}
  m_LocalRotation: {x: 0.000000113542924, y: 0.00000008965432, z: 0.0021765663, w: 0.9999977}
  m_LocalPosition: {x: -0.35551193, y: 0.000000023841856, z: 0}
  m_LocalScale: {x: 1, y: 0.9999998, z: 1.0000002}
  m_Children:
  - {fileID: 4395084089169902}
  m_Father: {fileID: 4824619740983172}
  m_RootOrder: 0
  m_LocalEulerAnglesHint: {x: 0, y: 0, z: 0}
--- !u!4 &4313049783331288
Transform:
  m_ObjectHideFlags: 1
  m_PrefabParentObject: {fileID: 0}
  m_PrefabInternal: {fileID: 100100000}
  m_GameObject: {fileID: 1597613056803926}
  m_LocalRotation: {x: 0.00000023640024, y: 0.00000039314415, z: -0.13052633, w: 0.9914448}
  m_LocalPosition: {x: -0.33547515, y: -0.030455684, z: 0.0000000010052463}
  m_LocalScale: {x: 0.9999999, y: 0.9999999, z: 1}
  m_Children:
  - {fileID: 4528705772982430}
  m_Father: {fileID: 4865472776111766}
  m_RootOrder: 1
  m_LocalEulerAnglesHint: {x: 0, y: 0, z: 0}
--- !u!4 &4328630393532696
Transform:
  m_ObjectHideFlags: 1
  m_PrefabParentObject: {fileID: 0}
  m_PrefabInternal: {fileID: 100100000}
  m_GameObject: {fileID: 1925282105283024}
  m_LocalRotation: {x: 0.000000015882485, y: -0.00000012376204, z: -0.11640207, w: 0.9932022}
  m_LocalPosition: {x: -0.054388657, y: 0, z: -0.00000012397766}
  m_LocalScale: {x: 0.9999999, y: 1, z: 0.99999964}
  m_Children: []
  m_Father: {fileID: 4242098098350478}
  m_RootOrder: 0
  m_LocalEulerAnglesHint: {x: 0, y: 0, z: 0}
--- !u!4 &4340278859995574
Transform:
  m_ObjectHideFlags: 1
  m_PrefabParentObject: {fileID: 0}
  m_PrefabInternal: {fileID: 100100000}
  m_GameObject: {fileID: 1795753687216476}
  m_LocalRotation: {x: -0.00000004387917, y: 0.000000016394953, z: -0.1164021, w: 0.9932022}
  m_LocalPosition: {x: -0.06345337, y: 0.00000030517577, z: -0.000000059604645}
  m_LocalScale: {x: 0.9999997, y: 0.99999994, z: 1.0000001}
  m_Children: []
  m_Father: {fileID: 4966620853340126}
  m_RootOrder: 0
  m_LocalEulerAnglesHint: {x: 0, y: 0, z: 0}
--- !u!4 &4363040022843738
Transform:
  m_ObjectHideFlags: 1
  m_PrefabParentObject: {fileID: 0}
  m_PrefabInternal: {fileID: 100100000}
  m_GameObject: {fileID: 1141309859172644}
  m_LocalRotation: {x: 0.0056883767, y: 0.99954396, z: -0.00020933157, w: -0.029655954}
  m_LocalPosition: {x: -0, y: -0.00000010229647, z: -0.1165233}
  m_LocalScale: {x: 0.9999999, y: 1, z: 1}
  m_Children:
  - {fileID: 4042775059638668}
  m_Father: {fileID: 4590585036750588}
  m_RootOrder: 1
  m_LocalEulerAnglesHint: {x: 0, y: 0, z: 0}
--- !u!4 &4365406549712672
Transform:
  m_ObjectHideFlags: 1
  m_PrefabParentObject: {fileID: 0}
  m_PrefabInternal: {fileID: 100100000}
  m_GameObject: {fileID: 1164184275897694}
  m_LocalRotation: {x: -0.008041745, y: 0.030146725, z: -0.055045985, w: 0.9979962}
  m_LocalPosition: {x: -0.5950507, y: -0.000000019073486, z: -0.000000038146972}
  m_LocalScale: {x: 0.99999994, y: 0.99999994, z: 1}
  m_Children:
  - {fileID: 4504147869911120}
  m_Father: {fileID: 4476693806141896}
  m_RootOrder: 0
  m_LocalEulerAnglesHint: {x: 0, y: 0, z: 0}
--- !u!4 &4367945537842066
Transform:
  m_ObjectHideFlags: 1
  m_PrefabParentObject: {fileID: 0}
  m_PrefabInternal: {fileID: 100100000}
  m_GameObject: {fileID: 1002753996151186}
  m_LocalRotation: {x: 0.00039813755, y: -0.000000079180225, z: -0.00000004467197,
    w: 0.99999994}
  m_LocalPosition: {x: -0.17315131, y: -0.026357422, z: 0.049068153}
  m_LocalScale: {x: 0.9999998, y: 1.0000002, z: 1}
  m_Children:
  - {fileID: 4242098098350478}
  m_Father: {fileID: 4395084089169902}
  m_RootOrder: 1
  m_LocalEulerAnglesHint: {x: 0, y: 0, z: 0}
--- !u!4 &4376485316365674
Transform:
  m_ObjectHideFlags: 1
  m_PrefabParentObject: {fileID: 0}
  m_PrefabInternal: {fileID: 100100000}
  m_GameObject: {fileID: 1823560459338600}
  m_LocalRotation: {x: -0.000000021535092, y: -0.000000008728478, z: -0.11640201,
    w: 0.9932022}
  m_LocalPosition: {x: -0.06345314, y: 0.000000076293944, z: 0.00000027179718}
  m_LocalScale: {x: 0.9999999, y: 0.9999997, z: 0.9999998}
  m_Children: []
  m_Father: {fileID: 4897567114007204}
  m_RootOrder: 0
  m_LocalEulerAnglesHint: {x: 0, y: 0, z: 0}
--- !u!4 &4384699538160106
Transform:
  m_ObjectHideFlags: 1
  m_PrefabParentObject: {fileID: 0}
  m_PrefabInternal: {fileID: 100100000}
  m_GameObject: {fileID: 1407193091121844}
  m_LocalRotation: {x: -0.00039814686, y: 0.00000019179905, z: 0.00000013418682, w: 0.99999994}
  m_LocalPosition: {x: -0.17315146, y: -0.026325759, z: -0.008993535}
  m_LocalScale: {x: 1, y: 1.0000002, z: 0.9999999}
  m_Children:
  - {fileID: 4966620853340126}
  m_Father: {fileID: 4898770038774454}
  m_RootOrder: 2
  m_LocalEulerAnglesHint: {x: 0, y: 0, z: 0}
--- !u!4 &4388919135816058
Transform:
  m_ObjectHideFlags: 1
  m_PrefabParentObject: {fileID: 0}
  m_PrefabInternal: {fileID: 100100000}
  m_GameObject: {fileID: 1465258744403390}
  m_LocalRotation: {x: 0.000000024425022, y: -0.000000051622838, z: -0.11640212, w: 0.9932022}
  m_LocalPosition: {x: -0.054388694, y: 0, z: 0.00000016212464}
  m_LocalScale: {x: 0.99999976, y: 0.99999976, z: 0.99999994}
  m_Children:
  - {fileID: 4938208062440578}
  m_Father: {fileID: 4538726796306210}
  m_RootOrder: 0
  m_LocalEulerAnglesHint: {x: 0, y: 0, z: 0}
--- !u!4 &4395084089169902
Transform:
  m_ObjectHideFlags: 1
  m_PrefabParentObject: {fileID: 0}
  m_PrefabInternal: {fileID: 100100000}
  m_GameObject: {fileID: 1319898948902842}
  m_LocalRotation: {x: 0.72027504, y: 0.03007281, z: -0.023694394, w: 0.6926313}
  m_LocalPosition: {x: -0.35489622, y: -0.000000085830685, z: -0.00000030517577}
  m_LocalScale: {x: 1.0000002, y: 1.0000001, z: 1.0000002}
  m_Children:
  - {fileID: 4871150052224366}
  - {fileID: 4367945537842066}
  - {fileID: 4058554921496152}
  - {fileID: 4258567847136318}
  - {fileID: 4772964135443996}
  m_Father: {fileID: 4279881274046538}
  m_RootOrder: 0
  m_LocalEulerAnglesHint: {x: 0, y: 0, z: 0}
--- !u!4 &4396163724060126
Transform:
  m_ObjectHideFlags: 1
  m_PrefabParentObject: {fileID: 0}
  m_PrefabInternal: {fileID: 100100000}
  m_GameObject: {fileID: 1427916744142040}
  m_LocalRotation: {x: -0.00039872905, y: 0.00000020488501, z: 0.000000014982856,
    w: 0.99999994}
  m_LocalPosition: {x: -0.17315139, y: -0.02629341, z: 0.03144605}
  m_LocalScale: {x: 1, y: 0.99999994, z: 0.99999976}
  m_Children:
  - {fileID: 4445787711640682}
  m_Father: {fileID: 4898770038774454}
  m_RootOrder: 3
  m_LocalEulerAnglesHint: {x: 0, y: 0, z: 0}
--- !u!4 &4424691730576184
Transform:
  m_ObjectHideFlags: 1
  m_PrefabParentObject: {fileID: 0}
  m_PrefabInternal: {fileID: 100100000}
  m_GameObject: {fileID: 1622142915981026}
  m_LocalRotation: {x: 0.000000263825, y: -0.000000027169163, z: -0.11640203, w: 0.9932022}
  m_LocalPosition: {x: -0.054388806, y: -0.00000022888183, z: -0.00000017642975}
  m_LocalScale: {x: 0.9999998, y: 1.0000001, z: 1.0000005}
  m_Children: []
  m_Father: {fileID: 4878987667997556}
  m_RootOrder: 0
  m_LocalEulerAnglesHint: {x: 0, y: 0, z: 0}
--- !u!4 &4435158364051794
Transform:
  m_ObjectHideFlags: 1
  m_PrefabParentObject: {fileID: 0}
  m_PrefabInternal: {fileID: 100100000}
  m_GameObject: {fileID: 1162308589882456}
  m_LocalRotation: {x: 0.000000027506387, y: -0.000000014841314, z: 0.0021768892,
    w: 0.9999976}
  m_LocalPosition: {x: -0.35551208, y: -0.000000038146972, z: 0.00000030517577}
  m_LocalScale: {x: 1.0000004, y: 1.0000001, z: 0.99999976}
  m_Children:
  - {fileID: 4898770038774454}
  m_Father: {fileID: 4826356387308306}
  m_RootOrder: 0
  m_LocalEulerAnglesHint: {x: 0, y: 0, z: 0}
--- !u!4 &4441018822332326
Transform:
  m_ObjectHideFlags: 1
  m_PrefabParentObject: {fileID: 0}
  m_PrefabInternal: {fileID: 100100000}
  m_GameObject: {fileID: 1893043428432600}
  m_LocalRotation: {x: 0.008042243, y: -0.030146819, z: -0.055046, w: 0.9979962}
  m_LocalPosition: {x: -0.5950507, y: -0.000000009536743, z: 0.000000057220458}
  m_LocalScale: {x: 0.9999999, y: 0.9999998, z: 1}
  m_Children:
  - {fileID: 4805981453607168}
  m_Father: {fileID: 4042775059638668}
  m_RootOrder: 0
  m_LocalEulerAnglesHint: {x: 0, y: 0, z: 0}
--- !u!4 &4445787711640682
Transform:
  m_ObjectHideFlags: 1
  m_PrefabParentObject: {fileID: 0}
  m_PrefabInternal: {fileID: 100100000}
  m_GameObject: {fileID: 1781658933365438}
  m_LocalRotation: {x: -0.0000001006952, y: -0.00000009509609, z: -0.11640201, w: 0.9932022}
  m_LocalPosition: {x: -0.05438854, y: 0, z: 0.0000000047683715}
  m_LocalScale: {x: 1.0000001, y: 0.9999998, z: 1.0000002}
  m_Children:
  - {fileID: 4446147425675488}
  m_Father: {fileID: 4396163724060126}
  m_RootOrder: 0
  m_LocalEulerAnglesHint: {x: 0, y: 0, z: 0}
--- !u!4 &4446147425675488
Transform:
  m_ObjectHideFlags: 1
  m_PrefabParentObject: {fileID: 0}
  m_PrefabInternal: {fileID: 100100000}
  m_GameObject: {fileID: 1232598484301224}
  m_LocalRotation: {x: -0.00000023055206, y: 0.00000022581217, z: -0.11640201, w: 0.9932022}
  m_LocalPosition: {x: -0.05438858, y: 0.00000015258789, z: 0.000000047683713}
  m_LocalScale: {x: 0.9999998, y: 0.9999996, z: 1}
  m_Children: []
  m_Father: {fileID: 4445787711640682}
  m_RootOrder: 0
  m_LocalEulerAnglesHint: {x: 0, y: 0, z: 0}
--- !u!4 &4476693806141896
Transform:
  m_ObjectHideFlags: 1
  m_PrefabParentObject: {fileID: 0}
  m_PrefabInternal: {fileID: 100100000}
  m_GameObject: {fileID: 1386898316739360}
  m_LocalRotation: {x: -0.000004019508, y: 0.00000015627744, z: 0.049677886, w: 0.9987653}
  m_LocalPosition: {x: -0.59167975, y: 0.0000000047683715, z: 0.000000038146972}
  m_LocalScale: {x: 1.0000002, y: 1.0000002, z: 1}
  m_Children:
  - {fileID: 4365406549712672}
  m_Father: {fileID: 4072260802434984}
  m_RootOrder: 0
  m_LocalEulerAnglesHint: {x: 0, y: 0, z: 0}
--- !u!4 &4504147869911120
Transform:
  m_ObjectHideFlags: 1
  m_PrefabParentObject: {fileID: 0}
  m_PrefabInternal: {fileID: 100100000}
  m_GameObject: {fileID: 1270604472070366}
  m_LocalRotation: {x: -0.000000020182346, y: 0.000000019814435, z: -0.7132061, w: 0.7009544}
  m_LocalPosition: {x: -0.14912972, y: 0.24276678, z: -0.002178936}
  m_LocalScale: {x: 1, y: 1.0000001, z: 1}
  m_Children: []
  m_Father: {fileID: 4365406549712672}
  m_RootOrder: 0
  m_LocalEulerAnglesHint: {x: 0, y: 0, z: 0}
--- !u!4 &4528705772982430
Transform:
  m_ObjectHideFlags: 1
  m_PrefabParentObject: {fileID: 0}
  m_PrefabInternal: {fileID: 100100000}
  m_GameObject: {fileID: 1255136187677994}
  m_LocalRotation: {x: 0.000000029754936, y: -0.000000114664175, z: 0.041791387, w: 0.9991264}
  m_LocalPosition: {x: -0.109315485, y: -0.0026627348, z: 0.0000000026148337}
  m_LocalScale: {x: 0.99999994, y: 0.99999994, z: 1}
  m_Children: []
  m_Father: {fileID: 4313049783331288}
  m_RootOrder: 0
  m_LocalEulerAnglesHint: {x: 0, y: 0, z: 0}
--- !u!4 &4538726796306210
Transform:
  m_ObjectHideFlags: 1
  m_PrefabParentObject: {fileID: 0}
  m_PrefabInternal: {fileID: 100100000}
  m_GameObject: {fileID: 1711765325029134}
  m_LocalRotation: {x: -0.00039816086, y: -9.372555e-10, z: 0.000000014900787, w: 0.99999994}
  m_LocalPosition: {x: -0.17315124, y: -0.026357345, z: -0.04906815}
  m_LocalScale: {x: 1.0000001, y: 1.0000001, z: 0.9999997}
  m_Children:
  - {fileID: 4388919135816058}
  m_Father: {fileID: 4898770038774454}
  m_RootOrder: 1
  m_LocalEulerAnglesHint: {x: 0, y: 0, z: 0}
--- !u!4 &4588141400119030
Transform:
  m_ObjectHideFlags: 1
  m_PrefabParentObject: {fileID: 0}
  m_PrefabInternal: {fileID: 100100000}
  m_GameObject: {fileID: 1791407825905568}
  m_LocalRotation: {x: 0.4485418, y: -0.13317715, z: -0.06779061, w: 0.8811802}
  m_LocalPosition: {x: -0.12316864, y: -0.0052088164, z: -0.095638715}
  m_LocalScale: {x: 1.0000005, y: 0.9999997, z: 0.99999994}
  m_Children:
  - {fileID: 4129863500316964}
  m_Father: {fileID: 4898770038774454}
  m_RootOrder: 0
  m_LocalEulerAnglesHint: {x: 0, y: 0, z: 0}
--- !u!4 &4590585036750588
Transform:
  m_ObjectHideFlags: 1
  m_PrefabParentObject: {fileID: 0}
  m_PrefabInternal: {fileID: 100100000}
  m_GameObject: {fileID: 1249269751433664}
  m_LocalRotation: {x: -0.49999964, y: 0.5000004, z: 0.49999964, w: 0.5000004}
  m_LocalPosition: {x: -0.0005138588, y: -0.000000010577213, z: 1.3299309}
  m_LocalScale: {x: 1, y: 1, z: 1}
  m_Children:
  - {fileID: 4072260802434984}
  - {fileID: 4363040022843738}
  - {fileID: 4811626925260516}
  m_Father: {fileID: 4152869592915524}
  m_RootOrder: 0
  m_LocalEulerAnglesHint: {x: 0, y: 0, z: 0}
--- !u!4 &4718156945820070
Transform:
  m_ObjectHideFlags: 1
  m_PrefabParentObject: {fileID: 0}
  m_PrefabInternal: {fileID: 100100000}
  m_GameObject: {fileID: 1959551187452634}
  m_LocalRotation: {x: -0.000000042015948, y: -0.000000094471616, z: -0.11640203,
    w: 0.9932022}
  m_LocalPosition: {x: -0.04532341, y: 0.00000015258789, z: 0.0000002813339}
  m_LocalScale: {x: 1.0000005, y: 1, z: 1.0000001}
  m_Children:
  - {fileID: 4894931387939010}
  m_Father: {fileID: 4772964135443996}
  m_RootOrder: 0
  m_LocalEulerAnglesHint: {x: 0, y: 0, z: 0}
--- !u!4 &4734381314880856
Transform:
  m_ObjectHideFlags: 1
  m_PrefabParentObject: {fileID: 0}
  m_PrefabInternal: {fileID: 100100000}
  m_GameObject: {fileID: 1283717624372702}
  m_LocalRotation: {x: -0.00039956532, y: 0.00000021419227, z: 0.000000029887907,
    w: 0.99999994}
  m_LocalPosition: {x: -0.17315139, y: -0.026262892, z: 0.06989297}
  m_LocalScale: {x: 1, y: 1.0000001, z: 0.9999999}
  m_Children:
  - {fileID: 4854420585760128}
  m_Father: {fileID: 4898770038774454}
  m_RootOrder: 4
  m_LocalEulerAnglesHint: {x: 0, y: 0, z: 0}
--- !u!4 &4748369223296886
Transform:
  m_ObjectHideFlags: 1
  m_PrefabParentObject: {fileID: 0}
  m_PrefabInternal: {fileID: 100100000}
  m_GameObject: {fileID: 1287977770539764}
  m_LocalRotation: {x: -9.8582146e-14, y: -0.00000013091501, z: 0.071934246, w: 0.9974094}
  m_LocalPosition: {x: -0.1762944, y: -0.00019911288, z: -3.6236086e-10}
  m_LocalScale: {x: 0.99999994, y: 0.99999994, z: 1}
  m_Children:
  - {fileID: 4865472776111766}
  m_Father: {fileID: 4811626925260516}
  m_RootOrder: 0
  m_LocalEulerAnglesHint: {x: 0, y: 0, z: 0}
--- !u!4 &4772964135443996
Transform:
  m_ObjectHideFlags: 1
  m_PrefabParentObject: {fileID: 0}
  m_PrefabInternal: {fileID: 100100000}
  m_GameObject: {fileID: 1688150903560314}
  m_LocalRotation: {x: 0.00039836267, y: -0.000000040966313, z: 0.00000002981864,
    w: 0.99999994}
  m_LocalPosition: {x: -0.17315155, y: -0.026263122, z: -0.06989321}
  m_LocalScale: {x: 1.0000001, y: 1.000001, z: 1.000001}
  m_Children:
  - {fileID: 4718156945820070}
  m_Father: {fileID: 4395084089169902}
  m_RootOrder: 4
  m_LocalEulerAnglesHint: {x: 0, y: 0, z: 0}
--- !u!4 &4796055850285940
Transform:
  m_ObjectHideFlags: 1
  m_PrefabParentObject: {fileID: 0}
  m_PrefabInternal: {fileID: 100100000}
  m_GameObject: {fileID: 1518873388187616}
  m_LocalRotation: {x: 0.00000004295605, y: 0.0000001524987, z: -0.11640207, w: 0.9932022}
  m_LocalPosition: {x: -0.04867088, y: -0.000000076293944, z: 0.000000076293944}
  m_LocalScale: {x: 0.99999994, y: 1, z: 0.99999994}
  m_Children:
  - {fileID: 4864460823401630}
  m_Father: {fileID: 4871150052224366}
  m_RootOrder: 0
  m_LocalEulerAnglesHint: {x: 0, y: 0, z: 0}
--- !u!4 &4805981453607168
Transform:
  m_ObjectHideFlags: 1
  m_PrefabParentObject: {fileID: 0}
  m_PrefabInternal: {fileID: 100100000}
  m_GameObject: {fileID: 1703287413342202}
  m_LocalRotation: {x: 0.00000001706148, y: -0.00000005852579, z: -0.7132061, w: 0.7009544}
  m_LocalPosition: {x: -0.14912967, y: 0.2427668, z: 0.0021788788}
  m_LocalScale: {x: 1, y: 1.0000001, z: 1}
  m_Children: []
  m_Father: {fileID: 4441018822332326}
  m_RootOrder: 0
  m_LocalEulerAnglesHint: {x: 0, y: 0, z: 0}
--- !u!4 &4811626925260516
Transform:
  m_ObjectHideFlags: 1
  m_PrefabParentObject: {fileID: 0}
  m_PrefabInternal: {fileID: 100100000}
  m_GameObject: {fileID: 1658076116250970}
  m_LocalRotation: {x: -0.0000016034629, y: -0.00000002309682, z: 0.0057280296, w: 0.9999836}
  m_LocalPosition: {x: -0.09260315, y: 0.03395593, z: -0.000000051138244}
  m_LocalScale: {x: 1, y: 1, z: 1}
  m_Children:
  - {fileID: 4748369223296886}
  m_Father: {fileID: 4590585036750588}
  m_RootOrder: 2
  m_LocalEulerAnglesHint: {x: 0, y: 0, z: 0}
--- !u!4 &4824619740983172
Transform:
  m_ObjectHideFlags: 1
  m_PrefabParentObject: {fileID: 0}
  m_PrefabInternal: {fileID: 100100000}
  m_GameObject: {fileID: 1873568837078798}
  m_LocalRotation: {x: -0.06598425, y: 0.44083187, z: 0.022487907, w: 0.89487857}
  m_LocalPosition: {x: -0.27203563, y: 0.00000015258789, z: 0.00000015258789}
  m_LocalScale: {x: 1.0000001, y: 1.0000001, z: 0.99999994}
  m_Children:
  - {fileID: 4279881274046538}
  m_Father: {fileID: 4892669017717012}
  m_RootOrder: 0
  m_LocalEulerAnglesHint: {x: 0, y: 0, z: 0}
--- !u!4 &4826356387308306
Transform:
  m_ObjectHideFlags: 1
  m_PrefabParentObject: {fileID: 0}
  m_PrefabInternal: {fileID: 100100000}
  m_GameObject: {fileID: 1703312682486680}
  m_LocalRotation: {x: 0.06598406, y: -0.4408319, z: 0.022487488, w: 0.89487857}
  m_LocalPosition: {x: -0.27203572, y: 0.000000038146972, z: -0.00000015258789}
  m_LocalScale: {x: 0.99999976, y: 0.9999997, z: 1.0000002}
  m_Children:
  - {fileID: 4435158364051794}
  m_Father: {fileID: 4073750627308794}
  m_RootOrder: 0
  m_LocalEulerAnglesHint: {x: 0, y: 0, z: 0}
--- !u!4 &4854420585760128
Transform:
  m_ObjectHideFlags: 1
  m_PrefabParentObject: {fileID: 0}
  m_PrefabInternal: {fileID: 100100000}
  m_GameObject: {fileID: 1434213699777988}
  m_LocalRotation: {x: 0.00000009308119, y: 0.00000033416345, z: -0.11640231, w: 0.99320215}
  m_LocalPosition: {x: -0.045323867, y: 0.00000030517577, z: 0.00000015258789}
  m_LocalScale: {x: 1, y: 1.0000001, z: 0.99999964}
  m_Children:
  - {fileID: 4014399391873886}
  m_Father: {fileID: 4734381314880856}
  m_RootOrder: 0
  m_LocalEulerAnglesHint: {x: 0, y: 0, z: 0}
--- !u!4 &4864460823401630
Transform:
  m_ObjectHideFlags: 1
  m_PrefabParentObject: {fileID: 0}
  m_PrefabInternal: {fileID: 100100000}
  m_GameObject: {fileID: 1986102853632270}
  m_LocalRotation: {x: 0.00000007599295, y: -0.0000000876728, z: -0.116402015, w: 0.9932022}
  m_LocalPosition: {x: -0.048670728, y: 0.000000038146972, z: 0.00000015258789}
  m_LocalScale: {x: 1.0000001, y: 1.0000002, z: 1.0000002}
  m_Children: []
  m_Father: {fileID: 4796055850285940}
  m_RootOrder: 0
  m_LocalEulerAnglesHint: {x: 0, y: 0, z: 0}
--- !u!4 &4865472776111766
Transform:
  m_ObjectHideFlags: 1
  m_PrefabParentObject: {fileID: 0}
  m_PrefabInternal: {fileID: 100100000}
  m_GameObject: {fileID: 1745126976571600}
  m_LocalRotation: {x: -0.0000007148836, y: 0.00000008177073, z: -0.032254126, w: 0.9994797}
  m_LocalPosition: {x: -0.25269377, y: -0.00016048431, z: -2.9209332e-10}
  m_LocalScale: {x: 1.0000002, y: 1.0000002, z: 1}
  m_Children:
  - {fileID: 4073750627308794}
  - {fileID: 4313049783331288}
  - {fileID: 4892669017717012}
  m_Father: {fileID: 4748369223296886}
  m_RootOrder: 0
  m_LocalEulerAnglesHint: {x: 0, y: 0, z: 0}
--- !u!4 &4871150052224366
Transform:
  m_ObjectHideFlags: 1
  m_PrefabParentObject: {fileID: 0}
  m_PrefabInternal: {fileID: 100100000}
  m_GameObject: {fileID: 1665788355724010}
  m_LocalRotation: {x: -0.44854182, y: 0.13317709, z: -0.06779059, w: 0.8811802}
  m_LocalPosition: {x: -0.123168334, y: -0.00520874, z: 0.09563882}
  m_LocalScale: {x: 1.0000002, y: 0.9999996, z: 0.99999964}
  m_Children:
  - {fileID: 4796055850285940}
  m_Father: {fileID: 4395084089169902}
  m_RootOrder: 0
  m_LocalEulerAnglesHint: {x: 0, y: 0, z: 0}
--- !u!4 &4878987667997556
Transform:
  m_ObjectHideFlags: 1
  m_PrefabParentObject: {fileID: 0}
  m_PrefabInternal: {fileID: 100100000}
  m_GameObject: {fileID: 1490858565491914}
  m_LocalRotation: {x: 0.0000000065192345, y: 0.00000008362866, z: -0.11640204, w: 0.9932022}
  m_LocalPosition: {x: -0.05438839, y: -0.00000015258789, z: 0}
  m_LocalScale: {x: 1.0000001, y: 1.0000001, z: 1.0000002}
  m_Children:
  - {fileID: 4424691730576184}
  m_Father: {fileID: 4258567847136318}
  m_RootOrder: 0
  m_LocalEulerAnglesHint: {x: 0, y: 0, z: 0}
--- !u!4 &4892669017717012
Transform:
  m_ObjectHideFlags: 1
  m_PrefabParentObject: {fileID: 0}
  m_PrefabInternal: {fileID: 100100000}
  m_GameObject: {fileID: 1029851464507768}
  m_LocalRotation: {x: 0.67533433, y: 0.02024523, z: 0.73701376, w: 0.018011957}
  m_LocalPosition: {x: -0.12008545, y: -0.014548253, z: -0.053028043}
  m_LocalScale: {x: 0.99999994, y: 0.9999999, z: 0.99999964}
  m_Children:
  - {fileID: 4824619740983172}
  m_Father: {fileID: 4865472776111766}
  m_RootOrder: 2
  m_LocalEulerAnglesHint: {x: 0, y: 0, z: 0}
--- !u!4 &4894931387939010
Transform:
  m_ObjectHideFlags: 1
  m_PrefabParentObject: {fileID: 0}
  m_PrefabInternal: {fileID: 100100000}
  m_GameObject: {fileID: 1976711282589930}
  m_LocalRotation: {x: 0.0000000067198322, y: -0.00000007392792, z: -0.11640198, w: 0.9932022}
  m_LocalPosition: {x: -0.045324095, y: 0.00000022888183, z: -0.00000007152557}
  m_LocalScale: {x: 0.9999999, y: 1.0000002, z: 1}
  m_Children: []
  m_Father: {fileID: 4718156945820070}
  m_RootOrder: 0
  m_LocalEulerAnglesHint: {x: 0, y: 0, z: 0}
--- !u!4 &4897567114007204
Transform:
  m_ObjectHideFlags: 1
  m_PrefabParentObject: {fileID: 0}
  m_PrefabInternal: {fileID: 100100000}
  m_GameObject: {fileID: 1248012027639060}
  m_LocalRotation: {x: 0.000000010493745, y: 0.000000077536676, z: -0.11640205, w: 0.9932022}
  m_LocalPosition: {x: -0.06345337, y: -0.00000015258789, z: -0.0000003170967}
  m_LocalScale: {x: 1.0000002, y: 1.0000004, z: 1.0000004}
  m_Children:
  - {fileID: 4376485316365674}
  m_Father: {fileID: 4058554921496152}
  m_RootOrder: 0
  m_LocalEulerAnglesHint: {x: 0, y: 0, z: 0}
--- !u!4 &4898770038774454
Transform:
  m_ObjectHideFlags: 1
  m_PrefabParentObject: {fileID: 0}
  m_PrefabInternal: {fileID: 100100000}
  m_GameObject: {fileID: 1278375529437154}
  m_LocalRotation: {x: -0.7202751, y: -0.030072734, z: -0.023694463, w: 0.6926312}
  m_LocalPosition: {x: -0.35489607, y: -0.0000000667572, z: -0.00000015258789}
  m_LocalScale: {x: 0.99999994, y: 1.0000001, z: 1.0000006}
  m_Children:
  - {fileID: 4588141400119030}
  - {fileID: 4538726796306210}
  - {fileID: 4384699538160106}
  - {fileID: 4396163724060126}
  - {fileID: 4734381314880856}
  m_Father: {fileID: 4435158364051794}
  m_RootOrder: 0
  m_LocalEulerAnglesHint: {x: 0, y: 0, z: 0}
--- !u!4 &4902741077079146
Transform:
  m_ObjectHideFlags: 1
  m_PrefabParentObject: {fileID: 0}
  m_PrefabInternal: {fileID: 100100000}
  m_GameObject: {fileID: 1265203017216470}
  m_LocalRotation: {x: 0, y: 0, z: 0, w: 1}
  m_LocalPosition: {x: 0, y: 0, z: 0}
  m_LocalScale: {x: 1, y: 1, z: 1}
  m_Children:
  - {fileID: 4250077014169124}
  - {fileID: 224093828544126072}
  m_Father: {fileID: 0}
  m_RootOrder: 0
  m_LocalEulerAnglesHint: {x: 0, y: 0, z: 0}
--- !u!4 &4938208062440578
Transform:
  m_ObjectHideFlags: 1
  m_PrefabParentObject: {fileID: 0}
  m_PrefabInternal: {fileID: 100100000}
  m_GameObject: {fileID: 1057172516716840}
  m_LocalRotation: {x: 0.00000017980977, y: -0.0000000116965, z: -0.116401985, w: 0.9932022}
  m_LocalPosition: {x: -0.05438873, y: -0.00000022888183, z: -0.00000023841858}
  m_LocalScale: {x: 0.9999999, y: 1.0000001, z: 1}
  m_Children: []
  m_Father: {fileID: 4388919135816058}
  m_RootOrder: 0
  m_LocalEulerAnglesHint: {x: 0, y: 0, z: 0}
--- !u!4 &4966620853340126
Transform:
  m_ObjectHideFlags: 1
  m_PrefabParentObject: {fileID: 0}
  m_PrefabInternal: {fileID: 100100000}
  m_GameObject: {fileID: 1380603923070400}
  m_LocalRotation: {x: 0.00000006518039, y: -0.0000002439386, z: -0.116402134, w: 0.9932022}
  m_LocalPosition: {x: -0.06345333, y: -0.00000015258789, z: 0.00000010967254}
  m_LocalScale: {x: 1.0000005, y: 0.99999994, z: 0.9999998}
  m_Children:
  - {fileID: 4340278859995574}
  m_Father: {fileID: 4384699538160106}
  m_RootOrder: 0
  m_LocalEulerAnglesHint: {x: 0, y: 0, z: 0}
--- !u!54 &54721527671201206
Rigidbody:
  m_ObjectHideFlags: 1
  m_PrefabParentObject: {fileID: 0}
  m_PrefabInternal: {fileID: 100100000}
  m_GameObject: {fileID: 1242428980940668}
  serializedVersion: 2
  m_Mass: 80
  m_Drag: 0
  m_AngularDrag: 0
  m_UseGravity: 1
  m_IsKinematic: 1
  m_Interpolate: 1
  m_Constraints: 80
  m_CollisionDetection: 0
--- !u!95 &95288758291273198
Animator:
  serializedVersion: 3
  m_ObjectHideFlags: 1
  m_PrefabParentObject: {fileID: 0}
  m_PrefabInternal: {fileID: 100100000}
  m_GameObject: {fileID: 1242428980940668}
  m_Enabled: 1
  m_Avatar: {fileID: 9000000, guid: e42d9259129992a4d95e0b320ca2a43d, type: 3}
  m_Controller: {fileID: 9100000, guid: 84f9d613a6aa6934d8510a542fadac39, type: 2}
  m_CullingMode: 1
  m_UpdateMode: 1
  m_ApplyRootMotion: 0
  m_LinearVelocityBlending: 0
  m_WarningMessage: 
  m_HasTransformHierarchy: 1
  m_AllowConstantClipSamplingOptimization: 1
  m_KeepAnimatorControllerStateOnDisable: 0
--- !u!95 &95591696512078254
Animator:
  serializedVersion: 3
  m_ObjectHideFlags: 1
  m_PrefabParentObject: {fileID: 0}
  m_PrefabInternal: {fileID: 100100000}
  m_GameObject: {fileID: 1684295620799500}
  m_Enabled: 1
  m_Avatar: {fileID: 0}
  m_Controller: {fileID: 9100000, guid: 5dae9abcaaa95234f8b7a33c93a6bf41, type: 2}
  m_CullingMode: 0
  m_UpdateMode: 0
  m_ApplyRootMotion: 0
  m_LinearVelocityBlending: 0
  m_WarningMessage: 
  m_HasTransformHierarchy: 1
  m_AllowConstantClipSamplingOptimization: 1
  m_KeepAnimatorControllerStateOnDisable: 0
--- !u!95 &95759642633815500
Animator:
  serializedVersion: 3
  m_ObjectHideFlags: 1
  m_PrefabParentObject: {fileID: 0}
  m_PrefabInternal: {fileID: 100100000}
  m_GameObject: {fileID: 1406762155520274}
  m_Enabled: 1
  m_Avatar: {fileID: 0}
  m_Controller: {fileID: 9100000, guid: 5dae9abcaaa95234f8b7a33c93a6bf41, type: 2}
  m_CullingMode: 0
  m_UpdateMode: 0
  m_ApplyRootMotion: 0
  m_LinearVelocityBlending: 0
  m_WarningMessage: 
  m_HasTransformHierarchy: 1
  m_AllowConstantClipSamplingOptimization: 1
  m_KeepAnimatorControllerStateOnDisable: 0
--- !u!95 &95791778372043742
Animator:
  serializedVersion: 3
  m_ObjectHideFlags: 1
  m_PrefabParentObject: {fileID: 0}
  m_PrefabInternal: {fileID: 100100000}
  m_GameObject: {fileID: 1070120869681078}
  m_Enabled: 1
  m_Avatar: {fileID: 0}
  m_Controller: {fileID: 9100000, guid: 5dae9abcaaa95234f8b7a33c93a6bf41, type: 2}
  m_CullingMode: 0
  m_UpdateMode: 0
  m_ApplyRootMotion: 0
  m_LinearVelocityBlending: 0
  m_WarningMessage: 
  m_HasTransformHierarchy: 1
  m_AllowConstantClipSamplingOptimization: 1
  m_KeepAnimatorControllerStateOnDisable: 0
--- !u!114 &114030943379023926
MonoBehaviour:
  m_ObjectHideFlags: 1
  m_PrefabParentObject: {fileID: 0}
  m_PrefabInternal: {fileID: 100100000}
  m_GameObject: {fileID: 1789225213269874}
  m_Enabled: 1
  m_EditorHideFlags: 0
  m_Script: {fileID: 708705254, guid: f70555f144d8491a825f0804e09c671c, type: 3}
  m_Name: 
  m_EditorClassIdentifier: 
  m_Material: {fileID: 0}
  m_Color: {r: 1, g: 1, b: 1, a: 1}
  m_RaycastTarget: 1
  m_OnCullStateChanged:
    m_PersistentCalls:
      m_Calls: []
    m_TypeName: UnityEngine.UI.MaskableGraphic+CullStateChangedEvent, UnityEngine.UI,
      Version=1.0.0.0, Culture=neutral, PublicKeyToken=null
  m_FontData:
    m_Font: {fileID: 12800000, guid: 79a732721108d2043b27914fb7f64f2d, type: 3}
    m_FontSize: 24
    m_FontStyle: 0
    m_BestFit: 0
    m_MinSize: 0
    m_MaxSize: 40
    m_Alignment: 0
    m_AlignByGeometry: 0
    m_RichText: 1
    m_HorizontalOverflow: 0
    m_VerticalOverflow: 0
    m_LineSpacing: 1
  m_Text: Targets
--- !u!114 &114084128588106398
MonoBehaviour:
  m_ObjectHideFlags: 1
  m_PrefabParentObject: {fileID: 0}
  m_PrefabInternal: {fileID: 100100000}
  m_GameObject: {fileID: 1070120869681078}
  m_Enabled: 1
  m_EditorHideFlags: 0
  m_Script: {fileID: 11500000, guid: efbff4dba59afb54fbe289550351f841, type: 3}
  m_Name: 
  m_EditorClassIdentifier: 
  m_StartSelectable: {fileID: 0}
  IsOpen: 0
  container: {fileID: 1688371780756290}
  buttonPrefab: {fileID: 1694869831733446, guid: 5cc54194d7f4d7e47b2951b2e7cd4646,
    type: 2}
  rememberSelection: 0
  onMenuOpen:
    m_PersistentCalls:
      m_Calls: []
    m_TypeName: UnityEngine.Events.UnityEvent, UnityEngine.CoreModule, Version=0.0.0.0,
      Culture=neutral, PublicKeyToken=null
  onMenuClose:
    m_PersistentCalls:
      m_Calls: []
    m_TypeName: UnityEngine.Events.UnityEvent, UnityEngine.CoreModule, Version=0.0.0.0,
      Culture=neutral, PublicKeyToken=null
  fadeTime: 0
  displayTime: 0
  displayText: {fileID: 0}
  titleText: {fileID: 114871870568823454}
--- !u!114 &114129480008676002
MonoBehaviour:
  m_ObjectHideFlags: 1
  m_PrefabParentObject: {fileID: 0}
  m_PrefabInternal: {fileID: 100100000}
  m_GameObject: {fileID: 1113974760928648}
  m_Enabled: 1
  m_EditorHideFlags: 0
  m_Script: {fileID: 1297475563, guid: f70555f144d8491a825f0804e09c671c, type: 3}
  m_Name: 
  m_EditorClassIdentifier: 
  m_Padding:
    m_Left: 0
    m_Right: 0
    m_Top: 0
    m_Bottom: 0
  m_ChildAlignment: 0
  m_Spacing: 0
  m_ChildForceExpandWidth: 1
  m_ChildForceExpandHeight: 0
  m_ChildControlWidth: 1
  m_ChildControlHeight: 0
--- !u!114 &114146425693801896
MonoBehaviour:
  m_ObjectHideFlags: 1
  m_PrefabParentObject: {fileID: 0}
  m_PrefabInternal: {fileID: 100100000}
  m_GameObject: {fileID: 1202434673007282}
  m_Enabled: 1
  m_EditorHideFlags: 0
  m_Script: {fileID: 11500000, guid: 0950a91ae8674a943a686ce1d821a735, type: 3}
  m_Name: 
  m_EditorClassIdentifier: 
  onSwitchedMenus:
    m_PersistentCalls:
      m_Calls: []
    m_TypeName: UnityEngine.Events.UnityEvent, UnityEngine.CoreModule, Version=0.0.0.0,
      Culture=neutral, PublicKeyToken=null
  onCancelMenu:
    m_PersistentCalls:
      m_Calls: []
    m_TypeName: UnityEngine.Events.UnityEvent, UnityEngine.CoreModule, Version=0.0.0.0,
      Culture=neutral, PublicKeyToken=null
  Command: {fileID: 114084128588106398}
  Item: {fileID: 114480392175163732}
  Target: {fileID: 114631057570288928}
--- !u!114 &114427028639789406
MonoBehaviour:
  m_ObjectHideFlags: 1
  m_PrefabParentObject: {fileID: 0}
  m_PrefabInternal: {fileID: 100100000}
  m_GameObject: {fileID: 1853867631006756}
  m_Enabled: 1
  m_EditorHideFlags: 0
  m_Script: {fileID: -765806418, guid: f70555f144d8491a825f0804e09c671c, type: 3}
  m_Name: 
  m_EditorClassIdentifier: 
  m_Material: {fileID: 0}
  m_Color: {r: 1, g: 1, b: 1, a: 0.392}
  m_RaycastTarget: 1
  m_OnCullStateChanged:
    m_PersistentCalls:
      m_Calls: []
    m_TypeName: UnityEngine.UI.MaskableGraphic+CullStateChangedEvent, UnityEngine.UI,
      Version=1.0.0.0, Culture=neutral, PublicKeyToken=null
  m_Sprite: {fileID: 10907, guid: 0000000000000000f000000000000000, type: 0}
  m_Type: 1
  m_PreserveAspect: 0
  m_FillCenter: 1
  m_FillMethod: 4
  m_FillAmount: 1
  m_FillClockwise: 1
  m_FillOrigin: 0
--- !u!114 &114462693163647658
MonoBehaviour:
  m_ObjectHideFlags: 1
  m_PrefabParentObject: {fileID: 0}
  m_PrefabInternal: {fileID: 100100000}
  m_GameObject: {fileID: 1435815823700196}
  m_Enabled: 1
  m_EditorHideFlags: 0
  m_Script: {fileID: -765806418, guid: f70555f144d8491a825f0804e09c671c, type: 3}
  m_Name: 
  m_EditorClassIdentifier: 
  m_Material: {fileID: 0}
  m_Color: {r: 1, g: 1, b: 1, a: 0.392}
  m_RaycastTarget: 1
  m_OnCullStateChanged:
    m_PersistentCalls:
      m_Calls: []
    m_TypeName: UnityEngine.UI.MaskableGraphic+CullStateChangedEvent, UnityEngine.UI,
      Version=1.0.0.0, Culture=neutral, PublicKeyToken=null
  m_Sprite: {fileID: 10907, guid: 0000000000000000f000000000000000, type: 0}
  m_Type: 1
  m_PreserveAspect: 0
  m_FillCenter: 1
  m_FillMethod: 4
  m_FillAmount: 1
  m_FillClockwise: 1
  m_FillOrigin: 0
--- !u!114 &114480392175163732
MonoBehaviour:
  m_ObjectHideFlags: 1
  m_PrefabParentObject: {fileID: 0}
  m_PrefabInternal: {fileID: 100100000}
  m_GameObject: {fileID: 1684295620799500}
  m_Enabled: 1
  m_EditorHideFlags: 0
  m_Script: {fileID: 11500000, guid: 06170cc09eb4d8b49a627db15bf93cde, type: 3}
  m_Name: 
  m_EditorClassIdentifier: 
  m_StartSelectable: {fileID: 0}
  IsOpen: 0
  container: {fileID: 1260841961537980}
  buttonPrefab: {fileID: 1694869831733446, guid: 5cc54194d7f4d7e47b2951b2e7cd4646,
    type: 2}
  rememberSelection: 0
  onMenuOpen:
    m_PersistentCalls:
      m_Calls: []
    m_TypeName: UnityEngine.Events.UnityEvent, UnityEngine.CoreModule, Version=0.0.0.0,
      Culture=neutral, PublicKeyToken=null
  onMenuClose:
    m_PersistentCalls:
      m_Calls: []
    m_TypeName: UnityEngine.Events.UnityEvent, UnityEngine.CoreModule, Version=0.0.0.0,
      Culture=neutral, PublicKeyToken=null
  fadeTime: 0
  displayTime: 0
  displayText: {fileID: 0}
  titleText: {fileID: 114740006766477436}
  inv: {fileID: 11400000, guid: 79d37ebcea56262458bd6d28471d23b7, type: 2}
--- !u!114 &114493293459325698
MonoBehaviour:
  m_ObjectHideFlags: 1
  m_PrefabParentObject: {fileID: 0}
  m_PrefabInternal: {fileID: 100100000}
  m_GameObject: {fileID: 1688371780756290}
  m_Enabled: 1
  m_EditorHideFlags: 0
  m_Script: {fileID: 1297475563, guid: f70555f144d8491a825f0804e09c671c, type: 3}
  m_Name: 
  m_EditorClassIdentifier: 
  m_Padding:
    m_Left: 0
    m_Right: 0
    m_Top: 0
    m_Bottom: 0
  m_ChildAlignment: 0
  m_Spacing: 0
  m_ChildForceExpandWidth: 1
  m_ChildForceExpandHeight: 0
  m_ChildControlWidth: 1
  m_ChildControlHeight: 0
--- !u!114 &114539854109380078
MonoBehaviour:
  m_ObjectHideFlags: 1
  m_PrefabParentObject: {fileID: 0}
  m_PrefabInternal: {fileID: 100100000}
  m_GameObject: {fileID: 1922944656591502}
  m_Enabled: 1
  m_EditorHideFlags: 0
  m_Script: {fileID: 11500000, guid: b40db95cca9753345a13cb72611eb1ed, type: 3}
  m_Name: 
  m_EditorClassIdentifier: 
  topColor:
    serializedVersion: 2
    rgba: 3211933999
  bottomColor:
    serializedVersion: 2
    rgba: 3218828378
--- !u!114 &114554029673681522
MonoBehaviour:
  m_ObjectHideFlags: 1
  m_PrefabParentObject: {fileID: 0}
  m_PrefabInternal: {fileID: 100100000}
  m_GameObject: {fileID: 1922944656591502}
  m_Enabled: 1
  m_EditorHideFlags: 0
  m_Script: {fileID: -765806418, guid: f70555f144d8491a825f0804e09c671c, type: 3}
  m_Name: 
  m_EditorClassIdentifier: 
  m_Material: {fileID: 0}
  m_Color: {r: 1, g: 1, b: 1, a: 0.392}
  m_RaycastTarget: 1
  m_OnCullStateChanged:
    m_PersistentCalls:
      m_Calls: []
    m_TypeName: UnityEngine.UI.MaskableGraphic+CullStateChangedEvent, UnityEngine.UI,
      Version=1.0.0.0, Culture=neutral, PublicKeyToken=null
  m_Sprite: {fileID: 10907, guid: 0000000000000000f000000000000000, type: 0}
  m_Type: 1
  m_PreserveAspect: 0
  m_FillCenter: 1
  m_FillMethod: 4
  m_FillAmount: 1
  m_FillClockwise: 1
  m_FillOrigin: 0
--- !u!114 &114631057570288928
MonoBehaviour:
  m_ObjectHideFlags: 1
  m_PrefabParentObject: {fileID: 0}
  m_PrefabInternal: {fileID: 100100000}
  m_GameObject: {fileID: 1406762155520274}
  m_Enabled: 1
  m_EditorHideFlags: 0
  m_Script: {fileID: 11500000, guid: 099524660be1bad43a490cf2d29a2757, type: 3}
  m_Name: 
  m_EditorClassIdentifier: 
  m_StartSelectable: {fileID: 0}
  IsOpen: 0
  container: {fileID: 1113974760928648}
  buttonPrefab: {fileID: 1694869831733446, guid: 5cc54194d7f4d7e47b2951b2e7cd4646,
    type: 2}
  rememberSelection: 0
  onMenuOpen:
    m_PersistentCalls:
      m_Calls: []
    m_TypeName: UnityEngine.Events.UnityEvent, UnityEngine.CoreModule, Version=0.0.0.0,
      Culture=neutral, PublicKeyToken=null
  onMenuClose:
    m_PersistentCalls:
      m_Calls: []
    m_TypeName: UnityEngine.Events.UnityEvent, UnityEngine.CoreModule, Version=0.0.0.0,
      Culture=neutral, PublicKeyToken=null
  fadeTime: 0
  displayTime: 0
  displayText: {fileID: 0}
  titleText: {fileID: 114030943379023926}
--- !u!114 &114657839761732474
MonoBehaviour:
  m_ObjectHideFlags: 1
  m_PrefabParentObject: {fileID: 0}
  m_PrefabInternal: {fileID: 100100000}
  m_GameObject: {fileID: 1260841961537980}
  m_Enabled: 1
  m_EditorHideFlags: 0
  m_Script: {fileID: 1297475563, guid: f70555f144d8491a825f0804e09c671c, type: 3}
  m_Name: 
  m_EditorClassIdentifier: 
  m_Padding:
    m_Left: 0
    m_Right: 0
    m_Top: 0
    m_Bottom: 0
  m_ChildAlignment: 0
  m_Spacing: 0
  m_ChildForceExpandWidth: 1
  m_ChildForceExpandHeight: 0
  m_ChildControlWidth: 1
  m_ChildControlHeight: 0
--- !u!114 &114679286236528280
MonoBehaviour:
  m_ObjectHideFlags: 1
  m_PrefabParentObject: {fileID: 0}
  m_PrefabInternal: {fileID: 100100000}
  m_GameObject: {fileID: 1265203017216470}
  m_Enabled: 1
  m_EditorHideFlags: 0
  m_Script: {fileID: 11500000, guid: b3987128e358c6140ad2535296e871b1, type: 3}
  m_Name: 
  m_EditorClassIdentifier: 
  m_name: Name
  m_hp: 0
  m_mp: 0
  m_stats: {fileID: 0}
  IsKO: 0
  DamageTextPrefab: {fileID: 0}
  Menus: {fileID: 114146425693801896}
--- !u!114 &114740006766477436
MonoBehaviour:
  m_ObjectHideFlags: 1
  m_PrefabParentObject: {fileID: 0}
  m_PrefabInternal: {fileID: 100100000}
  m_GameObject: {fileID: 1599577500892624}
  m_Enabled: 1
  m_EditorHideFlags: 0
  m_Script: {fileID: 708705254, guid: f70555f144d8491a825f0804e09c671c, type: 3}
  m_Name: 
  m_EditorClassIdentifier: 
  m_Material: {fileID: 0}
  m_Color: {r: 1, g: 1, b: 1, a: 1}
  m_RaycastTarget: 1
  m_OnCullStateChanged:
    m_PersistentCalls:
      m_Calls: []
    m_TypeName: UnityEngine.UI.MaskableGraphic+CullStateChangedEvent, UnityEngine.UI,
      Version=1.0.0.0, Culture=neutral, PublicKeyToken=null
  m_FontData:
    m_Font: {fileID: 12800000, guid: 79a732721108d2043b27914fb7f64f2d, type: 3}
    m_FontSize: 24
    m_FontStyle: 0
    m_BestFit: 0
    m_MinSize: 0
    m_MaxSize: 40
    m_Alignment: 0
    m_AlignByGeometry: 0
    m_RichText: 1
    m_HorizontalOverflow: 0
    m_VerticalOverflow: 0
    m_LineSpacing: 1
  m_Text: Items
--- !u!114 &114826925672779160
MonoBehaviour:
  m_ObjectHideFlags: 1
  m_PrefabParentObject: {fileID: 0}
  m_PrefabInternal: {fileID: 100100000}
  m_GameObject: {fileID: 1853867631006756}
  m_Enabled: 1
  m_EditorHideFlags: 0
  m_Script: {fileID: 11500000, guid: b40db95cca9753345a13cb72611eb1ed, type: 3}
  m_Name: 
  m_EditorClassIdentifier: 
  topColor:
    serializedVersion: 2
    rgba: 3211933999
  bottomColor:
    serializedVersion: 2
    rgba: 3218828378
--- !u!114 &114859156567103404
MonoBehaviour:
  m_ObjectHideFlags: 1
  m_PrefabParentObject: {fileID: 0}
  m_PrefabInternal: {fileID: 100100000}
  m_GameObject: {fileID: 1789225213269874}
  m_Enabled: 1
  m_EditorHideFlags: 0
  m_Script: {fileID: -900027084, guid: f70555f144d8491a825f0804e09c671c, type: 3}
  m_Name: 
  m_EditorClassIdentifier: 
  m_EffectColor: {r: 0, g: 0, b: 0, a: 0.5}
  m_EffectDistance: {x: 1, y: -1}
  m_UseGraphicAlpha: 1
--- !u!114 &114871870568823454
MonoBehaviour:
  m_ObjectHideFlags: 1
  m_PrefabParentObject: {fileID: 0}
  m_PrefabInternal: {fileID: 100100000}
  m_GameObject: {fileID: 1318218670555874}
  m_Enabled: 1
  m_EditorHideFlags: 0
  m_Script: {fileID: 708705254, guid: f70555f144d8491a825f0804e09c671c, type: 3}
  m_Name: 
  m_EditorClassIdentifier: 
  m_Material: {fileID: 0}
  m_Color: {r: 1, g: 1, b: 1, a: 1}
  m_RaycastTarget: 1
  m_OnCullStateChanged:
    m_PersistentCalls:
      m_Calls: []
    m_TypeName: UnityEngine.UI.MaskableGraphic+CullStateChangedEvent, UnityEngine.UI,
      Version=1.0.0.0, Culture=neutral, PublicKeyToken=null
  m_FontData:
    m_Font: {fileID: 12800000, guid: 79a732721108d2043b27914fb7f64f2d, type: 3}
    m_FontSize: 24
    m_FontStyle: 0
    m_BestFit: 0
    m_MinSize: 0
    m_MaxSize: 40
    m_Alignment: 0
    m_AlignByGeometry: 0
    m_RichText: 1
    m_HorizontalOverflow: 0
    m_VerticalOverflow: 0
    m_LineSpacing: 1
  m_Text: Commands
--- !u!114 &114882585067812752
MonoBehaviour:
  m_ObjectHideFlags: 1
  m_PrefabParentObject: {fileID: 0}
  m_PrefabInternal: {fileID: 100100000}
  m_GameObject: {fileID: 1318218670555874}
  m_Enabled: 1
  m_EditorHideFlags: 0
  m_Script: {fileID: -900027084, guid: f70555f144d8491a825f0804e09c671c, type: 3}
  m_Name: 
  m_EditorClassIdentifier: 
  m_EffectColor: {r: 0, g: 0, b: 0, a: 0.5}
  m_EffectDistance: {x: 1, y: -1}
  m_UseGraphicAlpha: 1
--- !u!114 &114911576972644108
MonoBehaviour:
  m_ObjectHideFlags: 1
  m_PrefabParentObject: {fileID: 0}
  m_PrefabInternal: {fileID: 100100000}
  m_GameObject: {fileID: 1435815823700196}
  m_Enabled: 1
  m_EditorHideFlags: 0
  m_Script: {fileID: 11500000, guid: b40db95cca9753345a13cb72611eb1ed, type: 3}
  m_Name: 
  m_EditorClassIdentifier: 
  topColor:
    serializedVersion: 2
    rgba: 3211933999
  bottomColor:
    serializedVersion: 2
    rgba: 3218828378
--- !u!114 &114920791979594344
MonoBehaviour:
  m_ObjectHideFlags: 1
  m_PrefabParentObject: {fileID: 0}
  m_PrefabInternal: {fileID: 100100000}
  m_GameObject: {fileID: 1599577500892624}
  m_Enabled: 1
  m_EditorHideFlags: 0
  m_Script: {fileID: -900027084, guid: f70555f144d8491a825f0804e09c671c, type: 3}
  m_Name: 
  m_EditorClassIdentifier: 
  m_EffectColor: {r: 0, g: 0, b: 0, a: 0.5}
  m_EffectDistance: {x: 1, y: -1}
  m_UseGraphicAlpha: 1
--- !u!136 &136278571234722958
CapsuleCollider:
  m_ObjectHideFlags: 1
  m_PrefabParentObject: {fileID: 0}
  m_PrefabInternal: {fileID: 100100000}
  m_GameObject: {fileID: 1242428980940668}
  m_Material: {fileID: 13400000, guid: 921fe1ba2c0c25c439e3809ef003cff2, type: 2}
  m_IsTrigger: 0
  m_Enabled: 1
  m_Radius: 0.5
  m_Height: 2.5
  m_Direction: 1
  m_Center: {x: 0, y: 1.25, z: 0}
--- !u!137 &137969399738982656
SkinnedMeshRenderer:
  m_ObjectHideFlags: 1
  m_PrefabParentObject: {fileID: 0}
  m_PrefabInternal: {fileID: 100100000}
  m_GameObject: {fileID: 1261798779799378}
  m_Enabled: 1
  m_CastShadows: 1
  m_ReceiveShadows: 1
  m_DynamicOccludee: 1
  m_MotionVectors: 1
  m_LightProbeUsage: 1
  m_ReflectionProbeUsage: 1
  m_RenderingLayerMask: 4294967295
  m_Materials:
  - {fileID: 2100000, guid: ad8c2bee857aaca4dbcf348b7e988a44, type: 2}
  m_StaticBatchInfo:
    firstSubMesh: 0
    subMeshCount: 0
  m_StaticBatchRoot: {fileID: 0}
  m_ProbeAnchor: {fileID: 0}
  m_LightProbeVolumeOverride: {fileID: 0}
  m_ScaleInLightmap: 1
  m_PreserveUVs: 0
  m_IgnoreNormalsForChartDetection: 0
  m_ImportantGI: 0
  m_StitchLightmapSeams: 0
  m_SelectedEditorRenderState: 3
  m_MinimumChartSize: 4
  m_AutoUVMaxDistance: 0.5
  m_AutoUVMaxAngle: 89
  m_LightmapParameters: {fileID: 0}
  m_SortingLayerID: 0
  m_SortingLayer: 0
  m_SortingOrder: 0
  serializedVersion: 2
  m_Quality: 0
  m_UpdateWhenOffscreen: 0
  m_SkinnedMotionVectors: 1
  m_Mesh: {fileID: 4300014, guid: e42d9259129992a4d95e0b320ca2a43d, type: 3}
  m_Bones:
  - {fileID: 4748369223296886}
  - {fileID: 4865472776111766}
  - {fileID: 4824619740983172}
  - {fileID: 4826356387308306}
  - {fileID: 4313049783331288}
  - {fileID: 4528705772982430}
  - {fileID: 4476693806141896}
  - {fileID: 4072260802434984}
  - {fileID: 4590585036750588}
  - {fileID: 4811626925260516}
  - {fileID: 4152869592915524}
  - {fileID: 4365406549712672}
  - {fileID: 4504147869911120}
  - {fileID: 4435158364051794}
  - {fileID: 4073750627308794}
  - {fileID: 4898770038774454}
  - {fileID: 4042775059638668}
  - {fileID: 4363040022843738}
  - {fileID: 4441018822332326}
  - {fileID: 4805981453607168}
  - {fileID: 4279881274046538}
  - {fileID: 4892669017717012}
  - {fileID: 4395084089169902}
  - {fileID: 4871150052224366}
  - {fileID: 4796055850285940}
  - {fileID: 4864460823401630}
  - {fileID: 4367945537842066}
  - {fileID: 4058554921496152}
  - {fileID: 4242098098350478}
  - {fileID: 4538726796306210}
  - {fileID: 4588141400119030}
  - {fileID: 4384699538160106}
  - {fileID: 4388919135816058}
  - {fileID: 4104019738935162}
  - {fileID: 4396163724060126}
  - {fileID: 4445787711640682}
  - {fileID: 4734381314880856}
  - {fileID: 4854420585760128}
  - {fileID: 4014399391873886}
  - {fileID: 4129863500316964}
  - {fileID: 4966620853340126}
  - {fileID: 4938208062440578}
  - {fileID: 4340278859995574}
  - {fileID: 4446147425675488}
  - {fileID: 4258567847136318}
  - {fileID: 4878987667997556}
  - {fileID: 4772964135443996}
  - {fileID: 4718156945820070}
  - {fileID: 4894931387939010}
  - {fileID: 4897567114007204}
  - {fileID: 4328630393532696}
  - {fileID: 4376485316365674}
  - {fileID: 4424691730576184}
  m_BlendShapeWeights: []
  m_RootBone: {fileID: 4152869592915524}
  m_AABB:
    m_Center: {x: -0.022938147, y: 0.00025981665, z: 1.2856222}
    m_Extent: {x: 0.2865569, y: 0.8891919, z: 1.3050953}
  m_DirtyAABB: 0
--- !u!222 &222274922170559666
CanvasRenderer:
  m_ObjectHideFlags: 1
  m_PrefabParentObject: {fileID: 0}
  m_PrefabInternal: {fileID: 100100000}
  m_GameObject: {fileID: 1435815823700196}
--- !u!222 &222301528715931052
CanvasRenderer:
  m_ObjectHideFlags: 1
  m_PrefabParentObject: {fileID: 0}
  m_PrefabInternal: {fileID: 100100000}
  m_GameObject: {fileID: 1318218670555874}
--- !u!222 &222425558684941562
CanvasRenderer:
  m_ObjectHideFlags: 1
  m_PrefabParentObject: {fileID: 0}
  m_PrefabInternal: {fileID: 100100000}
  m_GameObject: {fileID: 1853867631006756}
--- !u!222 &222479298264785810
CanvasRenderer:
  m_ObjectHideFlags: 1
  m_PrefabParentObject: {fileID: 0}
  m_PrefabInternal: {fileID: 100100000}
  m_GameObject: {fileID: 1789225213269874}
--- !u!222 &222940512255151292
CanvasRenderer:
  m_ObjectHideFlags: 1
  m_PrefabParentObject: {fileID: 0}
  m_PrefabInternal: {fileID: 100100000}
  m_GameObject: {fileID: 1922944656591502}
--- !u!222 &222964633466153224
CanvasRenderer:
  m_ObjectHideFlags: 1
  m_PrefabParentObject: {fileID: 0}
  m_PrefabInternal: {fileID: 100100000}
  m_GameObject: {fileID: 1599577500892624}
--- !u!223 &223649135572988208
Canvas:
  m_ObjectHideFlags: 1
  m_PrefabParentObject: {fileID: 0}
  m_PrefabInternal: {fileID: 100100000}
  m_GameObject: {fileID: 1202434673007282}
  m_Enabled: 1
  serializedVersion: 3
  m_RenderMode: 0
  m_Camera: {fileID: 0}
  m_PlaneDistance: 100
  m_PixelPerfect: 0
  m_ReceivesEvents: 1
  m_OverrideSorting: 0
  m_OverridePixelPerfect: 0
  m_SortingBucketNormalizedSize: 0
  m_AdditionalShaderChannelsFlag: 0
  m_SortingLayerID: 0
  m_SortingOrder: 0
  m_TargetDisplay: 0
--- !u!224 &224074382356022192
RectTransform:
  m_ObjectHideFlags: 1
  m_PrefabParentObject: {fileID: 0}
  m_PrefabInternal: {fileID: 100100000}
  m_GameObject: {fileID: 1318218670555874}
  m_LocalRotation: {x: 0, y: 0, z: 0, w: 1}
  m_LocalPosition: {x: 0, y: 0, z: 0}
  m_LocalScale: {x: 1, y: 1, z: 1}
  m_Children: []
  m_Father: {fileID: 224617646884494478}
  m_RootOrder: 1
  m_LocalEulerAnglesHint: {x: 0, y: 0, z: 0}
  m_AnchorMin: {x: 0, y: 1}
  m_AnchorMax: {x: 0, y: 1}
  m_AnchoredPosition: {x: 5, y: -5}
  m_SizeDelta: {x: 160, y: 30}
  m_Pivot: {x: 0, y: 1}
--- !u!224 &224076594969950266
RectTransform:
  m_ObjectHideFlags: 1
  m_PrefabParentObject: {fileID: 0}
  m_PrefabInternal: {fileID: 100100000}
  m_GameObject: {fileID: 1435815823700196}
  m_LocalRotation: {x: 0, y: 0, z: 0, w: 1}
  m_LocalPosition: {x: 0, y: 0, z: 0}
  m_LocalScale: {x: 1, y: 1, z: 1}
  m_Children: []
  m_Father: {fileID: 224617646884494478}
  m_RootOrder: 0
  m_LocalEulerAnglesHint: {x: 0, y: 0, z: 0}
  m_AnchorMin: {x: 0, y: 0}
  m_AnchorMax: {x: 1, y: 1}
  m_AnchoredPosition: {x: 0, y: 0}
  m_SizeDelta: {x: 0, y: 0}
  m_Pivot: {x: 0.5, y: 0.5}
--- !u!224 &224093828544126072
RectTransform:
  m_ObjectHideFlags: 1
  m_PrefabParentObject: {fileID: 0}
  m_PrefabInternal: {fileID: 100100000}
  m_GameObject: {fileID: 1202434673007282}
  m_LocalRotation: {x: 0, y: 0, z: 0, w: 1}
  m_LocalPosition: {x: 0, y: 0, z: 0}
  m_LocalScale: {x: 0, y: 0, z: 0}
  m_Children:
  - {fileID: 224617646884494478}
  - {fileID: 224980960191540566}
  - {fileID: 224829610696113454}
  m_Father: {fileID: 4902741077079146}
  m_RootOrder: 1
  m_LocalEulerAnglesHint: {x: 0, y: 0, z: 0}
  m_AnchorMin: {x: 0, y: 0}
  m_AnchorMax: {x: 0, y: 0}
  m_AnchoredPosition: {x: 0, y: 0}
  m_SizeDelta: {x: 0, y: 0}
  m_Pivot: {x: 0, y: 0}
--- !u!224 &224137089229765710
RectTransform:
  m_ObjectHideFlags: 1
  m_PrefabParentObject: {fileID: 0}
  m_PrefabInternal: {fileID: 100100000}
  m_GameObject: {fileID: 1113974760928648}
  m_LocalRotation: {x: 0, y: 0, z: 0, w: 1}
  m_LocalPosition: {x: 0, y: 0, z: 0}
  m_LocalScale: {x: 1, y: 1, z: 1}
  m_Children: []
  m_Father: {fileID: 224829610696113454}
  m_RootOrder: 2
  m_LocalEulerAnglesHint: {x: 0, y: 0, z: 0}
  m_AnchorMin: {x: 0, y: 1}
  m_AnchorMax: {x: 0, y: 1}
  m_AnchoredPosition: {x: 25, y: -35}
  m_SizeDelta: {x: 220, y: 110}
  m_Pivot: {x: 0, y: 1}
--- !u!224 &224151764322636430
RectTransform:
  m_ObjectHideFlags: 1
  m_PrefabParentObject: {fileID: 0}
  m_PrefabInternal: {fileID: 100100000}
  m_GameObject: {fileID: 1260841961537980}
  m_LocalRotation: {x: 0, y: 0, z: 0, w: 1}
  m_LocalPosition: {x: 0, y: 0, z: 0}
  m_LocalScale: {x: 1, y: 1, z: 1}
  m_Children: []
  m_Father: {fileID: 224980960191540566}
  m_RootOrder: 2
  m_LocalEulerAnglesHint: {x: 0, y: 0, z: 0}
  m_AnchorMin: {x: 0, y: 1}
  m_AnchorMax: {x: 0, y: 1}
  m_AnchoredPosition: {x: 25, y: -35}
  m_SizeDelta: {x: 220, y: 110}
  m_Pivot: {x: 0, y: 1}
--- !u!224 &224258663352429142
RectTransform:
  m_ObjectHideFlags: 1
  m_PrefabParentObject: {fileID: 0}
  m_PrefabInternal: {fileID: 100100000}
  m_GameObject: {fileID: 1922944656591502}
  m_LocalRotation: {x: 0, y: 0, z: 0, w: 1}
  m_LocalPosition: {x: 0, y: 0, z: 0}
  m_LocalScale: {x: 1, y: 1, z: 1}
  m_Children: []
  m_Father: {fileID: 224980960191540566}
  m_RootOrder: 0
  m_LocalEulerAnglesHint: {x: 0, y: 0, z: 0}
  m_AnchorMin: {x: 0, y: 0}
  m_AnchorMax: {x: 1, y: 1}
  m_AnchoredPosition: {x: 0, y: 0}
  m_SizeDelta: {x: 0, y: 0}
  m_Pivot: {x: 0.5, y: 0.5}
--- !u!224 &224263476710661850
RectTransform:
  m_ObjectHideFlags: 1
  m_PrefabParentObject: {fileID: 0}
  m_PrefabInternal: {fileID: 100100000}
  m_GameObject: {fileID: 1789225213269874}
  m_LocalRotation: {x: 0, y: 0, z: 0, w: 1}
  m_LocalPosition: {x: 0, y: 0, z: 0}
  m_LocalScale: {x: 1, y: 1, z: 1}
  m_Children: []
  m_Father: {fileID: 224829610696113454}
  m_RootOrder: 1
  m_LocalEulerAnglesHint: {x: 0, y: 0, z: 0}
  m_AnchorMin: {x: 0, y: 1}
  m_AnchorMax: {x: 0, y: 1}
  m_AnchoredPosition: {x: 5, y: -5}
  m_SizeDelta: {x: 160, y: 30}
  m_Pivot: {x: 0, y: 1}
--- !u!224 &224617646884494478
RectTransform:
  m_ObjectHideFlags: 1
  m_PrefabParentObject: {fileID: 0}
  m_PrefabInternal: {fileID: 100100000}
  m_GameObject: {fileID: 1070120869681078}
  m_LocalRotation: {x: -0, y: -0, z: -0, w: 1}
  m_LocalPosition: {x: 0, y: 0, z: 0}
  m_LocalScale: {x: 1, y: 1, z: 1}
  m_Children:
  - {fileID: 224076594969950266}
  - {fileID: 224074382356022192}
  - {fileID: 224755658441401708}
  m_Father: {fileID: 224093828544126072}
  m_RootOrder: 0
  m_LocalEulerAnglesHint: {x: 0, y: 0, z: 0}
  m_AnchorMin: {x: 0, y: 0}
  m_AnchorMax: {x: 0, y: 0}
  m_AnchoredPosition: {x: 0, y: 0}
  m_SizeDelta: {x: 250, y: 150}
  m_Pivot: {x: 0, y: 0}
--- !u!224 &224755658441401708
RectTransform:
  m_ObjectHideFlags: 1
  m_PrefabParentObject: {fileID: 0}
  m_PrefabInternal: {fileID: 100100000}
  m_GameObject: {fileID: 1688371780756290}
  m_LocalRotation: {x: 0, y: 0, z: 0, w: 1}
  m_LocalPosition: {x: 0, y: 0, z: 0}
  m_LocalScale: {x: 1, y: 1, z: 1}
  m_Children: []
  m_Father: {fileID: 224617646884494478}
  m_RootOrder: 2
  m_LocalEulerAnglesHint: {x: 0, y: 0, z: 0}
  m_AnchorMin: {x: 0, y: 1}
  m_AnchorMax: {x: 0, y: 1}
  m_AnchoredPosition: {x: 25, y: -35}
  m_SizeDelta: {x: 220, y: 110}
  m_Pivot: {x: 0, y: 1}
--- !u!224 &224793540546947148
RectTransform:
  m_ObjectHideFlags: 1
  m_PrefabParentObject: {fileID: 0}
  m_PrefabInternal: {fileID: 100100000}
  m_GameObject: {fileID: 1853867631006756}
  m_LocalRotation: {x: 0, y: 0, z: 0, w: 1}
  m_LocalPosition: {x: 0, y: 0, z: 0}
  m_LocalScale: {x: 1, y: 1, z: 1}
  m_Children: []
  m_Father: {fileID: 224829610696113454}
  m_RootOrder: 0
  m_LocalEulerAnglesHint: {x: 0, y: 0, z: 0}
  m_AnchorMin: {x: 0, y: 0}
  m_AnchorMax: {x: 1, y: 1}
  m_AnchoredPosition: {x: 0, y: 0}
  m_SizeDelta: {x: 0, y: 0}
  m_Pivot: {x: 0.5, y: 0.5}
--- !u!224 &224825414118004646
RectTransform:
  m_ObjectHideFlags: 1
  m_PrefabParentObject: {fileID: 0}
  m_PrefabInternal: {fileID: 100100000}
  m_GameObject: {fileID: 1599577500892624}
  m_LocalRotation: {x: 0, y: 0, z: 0, w: 1}
  m_LocalPosition: {x: 0, y: 0, z: 0}
  m_LocalScale: {x: 1, y: 1, z: 1}
  m_Children: []
  m_Father: {fileID: 224980960191540566}
  m_RootOrder: 1
  m_LocalEulerAnglesHint: {x: 0, y: 0, z: 0}
  m_AnchorMin: {x: 0, y: 1}
  m_AnchorMax: {x: 0, y: 1}
  m_AnchoredPosition: {x: 5, y: -5}
  m_SizeDelta: {x: 160, y: 30}
  m_Pivot: {x: 0, y: 1}
--- !u!224 &224829610696113454
RectTransform:
  m_ObjectHideFlags: 1
  m_PrefabParentObject: {fileID: 0}
  m_PrefabInternal: {fileID: 100100000}
  m_GameObject: {fileID: 1406762155520274}
  m_LocalRotation: {x: -0, y: -0, z: -0, w: 1}
  m_LocalPosition: {x: 0, y: 0, z: 0}
  m_LocalScale: {x: 1, y: 1, z: 1}
  m_Children:
  - {fileID: 224793540546947148}
  - {fileID: 224263476710661850}
  - {fileID: 224137089229765710}
  m_Father: {fileID: 224093828544126072}
  m_RootOrder: 2
  m_LocalEulerAnglesHint: {x: 0, y: 0, z: 0}
  m_AnchorMin: {x: 0, y: 0}
  m_AnchorMax: {x: 0, y: 0}
  m_AnchoredPosition: {x: 0, y: 0}
  m_SizeDelta: {x: 250, y: 150}
  m_Pivot: {x: 0, y: 0}
--- !u!224 &224980960191540566
RectTransform:
  m_ObjectHideFlags: 1
  m_PrefabParentObject: {fileID: 0}
  m_PrefabInternal: {fileID: 100100000}
  m_GameObject: {fileID: 1684295620799500}
  m_LocalRotation: {x: -0, y: -0, z: -0, w: 1}
  m_LocalPosition: {x: 0, y: 0, z: 0}
  m_LocalScale: {x: 1, y: 1, z: 1}
  m_Children:
  - {fileID: 224258663352429142}
  - {fileID: 224825414118004646}
  - {fileID: 224151764322636430}
  m_Father: {fileID: 224093828544126072}
  m_RootOrder: 1
  m_LocalEulerAnglesHint: {x: 0, y: 0, z: 0}
  m_AnchorMin: {x: 0, y: 0}
  m_AnchorMax: {x: 0, y: 0}
  m_AnchoredPosition: {x: 0, y: 0}
  m_SizeDelta: {x: 250, y: 150}
  m_Pivot: {x: 0, y: 0}
--- !u!225 &225303690723153160
CanvasGroup:
  m_ObjectHideFlags: 1
  m_PrefabParentObject: {fileID: 0}
  m_PrefabInternal: {fileID: 100100000}
  m_GameObject: {fileID: 1684295620799500}
  m_Enabled: 1
  m_Alpha: 1
  m_Interactable: 1
  m_BlocksRaycasts: 1
  m_IgnoreParentGroups: 0
--- !u!225 &225332061377393134
CanvasGroup:
  m_ObjectHideFlags: 1
  m_PrefabParentObject: {fileID: 0}
  m_PrefabInternal: {fileID: 100100000}
  m_GameObject: {fileID: 1406762155520274}
  m_Enabled: 1
  m_Alpha: 1
  m_Interactable: 1
  m_BlocksRaycasts: 1
  m_IgnoreParentGroups: 0
--- !u!225 &225927761229193160
CanvasGroup:
  m_ObjectHideFlags: 1
  m_PrefabParentObject: {fileID: 0}
  m_PrefabInternal: {fileID: 100100000}
  m_GameObject: {fileID: 1070120869681078}
  m_Enabled: 1
  m_Alpha: 1
  m_Interactable: 1
  m_BlocksRaycasts: 1
  m_IgnoreParentGroups: 0
