%YAML 1.1
%TAG !u! tag:unity3d.com,2011:
--- !u!1001 &100100000
Prefab:
  m_ObjectHideFlags: 1
  serializedVersion: 2
  m_Modification:
    m_TransformParent: {fileID: 0}
    m_Modifications: []
    m_RemovedComponents: []
  m_ParentPrefab: {fileID: 0}
  m_RootGameObject: {fileID: 1845199035199744}
  m_IsPrefabParent: 1
--- !u!1 &1845199035199744
GameObject:
  m_ObjectHideFlags: 0
  m_PrefabParentObject: {fileID: 0}
  m_PrefabInternal: {fileID: 100100000}
  serializedVersion: 5
  m_Component:
  - component: {fileID: 4681540264027148}
  - component: {fileID: 119214397952903912}
  - component: {fileID: 114732517558366258}
  m_Layer: 10
  m_Name: Projector
  m_TagString: Untagged
  m_Icon: {fileID: 0}
  m_NavMeshLayer: 0
  m_StaticEditorFlags: 0
  m_IsActive: 1
--- !u!4 &4681540264027148
Transform:
  m_ObjectHideFlags: 1
  m_PrefabParentObject: {fileID: 0}
  m_PrefabInternal: {fileID: 100100000}
  m_GameObject: {fileID: 1845199035199744}
  m_LocalRotation: {x: 0.7071068, y: 0, z: 0, w: 0.7071068}
  m_LocalPosition: {x: 0, y: 5, z: 0}
  m_LocalScale: {x: 1, y: 1, z: 1}
  m_Children: []
  m_Father: {fileID: 0}
  m_RootOrder: 0
  m_LocalEulerAnglesHint: {x: 90, y: 0, z: 0}
--- !u!114 &114732517558366258
MonoBehaviour:
  m_ObjectHideFlags: 1
  m_PrefabParentObject: {fileID: 0}
  m_PrefabInternal: {fileID: 100100000}
  m_GameObject: {fileID: 1845199035199744}
  m_Enabled: 1
  m_EditorHideFlags: 0
  m_Script: {fileID: 11500000, guid: 1202bdd1c0ed6834f85405eb45cbe903, type: 3}
  m_Name: 
  m_EditorClassIdentifier: 
  color: {r: 0, g: 0, b: 0, a: 0}
  speed: 120
--- !u!119 &119214397952903912
Projector:
  m_ObjectHideFlags: 1
  m_PrefabParentObject: {fileID: 0}
  m_PrefabInternal: {fileID: 100100000}
  m_GameObject: {fileID: 1845199035199744}
  m_Enabled: 1
  serializedVersion: 2
  m_NearClipPlane: 0.1
  m_FarClipPlane: 7
  m_FieldOfView: 60
  m_AspectRatio: 1
  m_Orthographic: 0
  m_OrthographicSize: 10
  m_Material: {fileID: 2100000, guid: e30ff3588e719f34bbf0c66f22d97487, type: 2}
  m_IgnoreLayers:
    serializedVersion: 2
    m_Bits: 1024
